3324 4866
682 501 707 556 v
726 501 820 558 s-vr
839 502 854 555 1
873 503 921 571 (a).
1370 502 1403 556 u

201 667 379 747 prostratas
401 665 597 726 restauraret
626 657 791 742 ecelesias,
827 659 1003 724 exstinctos
1037 657 1245 743 spiritalitera
1267 657 1403 742 populos

148 762 150 770 '
202 763 393 836 vivificaret,
418 761 562 827 deiectas
585 759 788 826 sacerdotum
812 780 947 826 coronas
969 766 1149 845 reponeret,
1173 759 1315 825 nefarias
1330 759 1403 826 illas

202 864 348 931 novellae
372 863 548 948 impietatis
570 882 634 928 non
653 862 778 928 litteras
801 861 859 928 sed
883 862 1025 946 lituras1,
1050 863 1155 929 infuso
1180 861 1314 927 caelitus
1338 861 1404 945 epi·

201 968 309 1052 scopis
332 965 478 1031 fidelium
502 965 704 1030 lacrimamm
728 965 829 1047 fonte,
861 962 994 1047 deleret,
1027 965 1208 1030 universum
1242 969 1403 1047 postremo

201 1072 265 1135 iam
290 1087 392 1153 paene
416 1066 567 1132 mundum
590 1085 690 1132 saeva
713 1067 900 1151 repentinae
925 1065 1096 1132 haereseos
1119 1071 1311 1150 tempestate
1333 1083 1404 1150 per·

202 1171 324 1237 culsum
360 1169 402 1234 ad
436 1170 600 1251 antiquam
641 1167 741 1234 fidem
772 1189 791 1233 a
820 1169 947 1234 novella
976 1167 1126 1253 perfidia,
1163 1166 1206 1233 ad
1238 1167 1404 1250 antiquam

202 1273 371 1338 sanitatem
396 1291 415 1336 a
443 1271 596 1336 novitatis
629 1271 771 1353 vesania,
806 1269 849 1336 ad
873 1271 1036 1352 antiquam
1071 1270 1173 1335 lucem
1203 1291 1223 1334 a
1253 1269 1405 1335 novitatis

203 1374 361 1440 caecitate
384 1374 568 1439 revocaret!
1273 1451 1278 1459 .

310 1477 357 1558 (8)
380 1502 393 1541 a
418 1475 483 1542 Sed
507 1476 540 1539 in
563 1475 627 1541 hac
643 1474 753 1540 divina
770 1474 909 1558 quadam
927 1472 1169 1542 confessorumb
1194 1473 1312 1540 virtute
1324 1472 1404 1538 illud

203 1586 251 1647 est
275 1580 372 1645 etiam
396 1579 488 1644 nobis
518 1578 569 1643 vel
604 1578 742 1643 maxime
775 1576 1054 1660 considerandum,
1089 1575 1174 1660 quod
1209 1584 1284 1642 tunc
1317 1575 1405 1660 apud

201 1682 306 1766 ipsam
330 1681 487 1747 ecclesiae
510 1686 702 1746 vetustatem
726 1700 790 1745 non
814 1681 915 1764 partis
938 1680 1074 1745 alicuius
1104 1679 1161 1745 sed
1184 1679 1405 1745 universitatis

203 1785 244 1850 ab
269 1784 341 1850 bisc
364 1790 414 1850 est
436 1789 588 1868 suscepta
612 1782 769 1848 defensio.
818 1783 961 1866 aNeque
987 1784 1071 1848 enim
1094 1783 1146 1849 fas
1169 1791 1248 1866 erat,
1272 1788 1308 1846 ut
1323 1781 1405 1847 tanti

203 1907 242 1952 ae
266 1887 347 1952 tales
376 1884 437 1951 viri
469 1888 562 1950 unius
592 1893 647 1950 aut
680 1885 814 1951 duomm
850 1885 1011 1951 bominum
1046 1885 1244 1950 errabundas
1278 1883 1405 1967 sibique

202 1989 281 2076 ipsis
306 1988 483 2054 soumarias
507 1988 704 2074 suspiciones
730 1994 794 2052 tam
819 2008 937 2071 magno
960 1987 1122 2053 molimine
1146 1986 1332 2052 adsererent
1347 1992 1404 2051 aut

202 2113 278 2158 vero
301 2113 359 2177 pro
383 2091 519 2156 alicuius
543 2090 762 2176 provinciolae
785 2092 956 2156 temeraria
991 2091 1130 2174 quadam
1166 2091 1403 2175 conspiratione

203 2199 374 2274 certarent,
398 2191 455 2257 sed
480 2193 619 2257 omnium
643 2199 775 2257 sanctae
792 2191 952 2257 ecclesiae
968 2191 1182 2274 sacerdotum,
1207 2190 1405 2276 apostolicae

203 2303 235 2361 et
259 2295 438 2361 catholicae
462 2295 607 2359 veritatis
630 2290 818 2377 heredumd,
852 2293 984 2360 decreta
1008 2300 1040 2358 et
1064 2293 1219 2359 definita²
1243 2299 1405 2358 sectantes

202 2398 381 2462 maluerunt
396 2397 586 2481 semetipsos
603 2416 697 2479 quam
715 2402 883 2462 vet-ustaee
899 2395 1120 2462 universitatis
1139 2395 1240 2461 fidem
1257 2393 1403 2480 prodere.

203 2526 215 2565 r
239 2498 333 2566 Unde
357 2505 389 2564 et
412 2498 455 2563 ad
478 2504 600 2563 tautam
617 2499 752 2583 gloriam
768 2499 936 2583 pervenire
954 2505 1148 2582 meruerunt,
1172 2506 1207 2563 nt
1223 2518 1286 2563 nou
1302 2497 1405 2563 solum

203 2601 414 2683 confessores,
449 2620 559 2666 verum
583 2602 678 2666 etiam
704 2601 922 2667 confessorum
946 2603 1109 2686 principes
1132 2601 1202 2665 iure
1224 2601 1405 2682 meritoque

203 2704 392 2771 habeantur.

232 2906 286 2972 VI.
334 2906 541 2991 Enempinrn
564 2906 695 2990 inaipne
719 2905 878 2990 adfertur
902 2907 991 2971 beati
1014 2905 1180 2990 Stephani
1198 2926 1314 2990 papae
1338 2905 1375 2969 in

463 3027 568 3072 caasa
590 3008 867 3092 rebaptizationis
889 3008 1145 3072 baereticorum.

310 3147 462 3229 Magnum
486 3145 548 3210 boc
571 3144 670 3228 igitur
694 3142 867 3210 eorundem
891 3145 1056 3209 beatorum
1086 3144 1266 3228 exemplum
1296 3145 1405 3230 plane·

204 3266 266 3330 que
290 3246 431 3312 divinum
456 3254 488 3312 et
510 3247 594 3312 veris
611 3244 808 3329 quibusquef
834 3245 1001 3311 catholicis
1017 3244 1181 3311 indefessa
1196 3246 1405 3312 meditatione

202 3346 419 3430 recolendum,
443 3347 497 3430 qui
513 3348 546 3412 in
561 3347 689 3411 modum
706 3347 924 3432 septemplicia
941 3345 1128 3412 candelabri
1144 3355 1279 3432 septena
1301 3347 1406 3413 sancti

203 3450 335 3535 spiritus
369 3449 440 3514 luce
468 3449 612 3515 radiati⁸
641 3449 851 3514 clarissimam
880 3448 1018 3534 posteris
1046 3449 1214 3514 formulam
1241 3469 1407 3535 praemon-

203 3559 354 3635 strarant,
390 3551 624 3636 quonammodo
653 3551 805 3638 deincepr
834 3572 892 3638 per
916 3551 1045 3635 singula
1080 3572 1227 3635 quaeque
1264 3572 1405 3617 errorum

203 3656 386 3739 vaniloquia
432 3660 580 3722 sacratae
618 3655 788 3720 vetustatis
827 3655 1019 3719 auctoritate
1058 3654 1214 3739 profanae
1253 3655 1407 3721 novitatis

364 3852 379 3883 ²
393 3844 436 3896 ita
455 3838 529 3895 Ρ184
547 3841 565 3907 i,
588 3838 746 3910 spiritales
759 3840 804 3894 sb.
916 3838 1180 3909 boonfeooionam
1206 3854 1227 3892 s.
1337 3839 1409 3892 cita

364 3923 448 3995 ΡΜ,
468 3923 530 3981 biis
549 3942 572 3990 s,
591 3922 633 3979 iio
652 3925 691 3978 bi.
765 3920 836 3985 d>
855 3939 877 3977 s.
933 3919 1169 4004 evacuitatem.
1253 3920 1406 3992 sonibus·

364 4007 541 4080 conquePt
615 4012 688 4063 sita
707 4005 783 4061 Ρ134
801 4010 820 4077 i,
839 4007 997 4063 radiantis
1018 4024 1040 4076 s,
1060 4007 1221 4062 radiantes
1241 4009 1269 4062 b.

312 4163 486 4220 1maculas.
587 4161 600 4198 ²
617 4165 749 4219 maxime
768 4165 878 4234 synodi
897 4164 1050 4219 Nicaenae
1071 4163 1204 4218 decreta.

258 4265 438 4317 Rauennam
452 4263 620 4318 Florilegium
637 4264 667 4308 V.
1188 4248 1206 4303 2
