3324 4866
722 519 780 574 ΧΗ
801 521 871 576 1-7
892 521 957 588 (rr).
1404 521 1441 576 aa

236 676 347 762 leprae
371 675 568 742 admixtione
591 676 752 761 foedaret,
788 683 821 742 et
844 676 1069 760 committeret,
1104 684 1162 743 ut*
1188 678 1337 744 doctrina
1370 678 1439 743 eius

236 799 300 846 non
313 787 379 845 tam
392 778 579 845 aedificatio
592 800 687 863 quarn
702 780 871 865 temptatio
887 778 1015 865 potiusb
1032 780 1253 847 ecclesiastica
1269 780 1440 847 diceretur.

235 982 313 1064 XII,
360 983 526 1048 Haereses
549 983 693 1065 Photini,
729 981 954 1069 Apollinaris,
989 984 1140 1049 Nestorii
1163 989 1381 1069 seponuntur
1403 984 1440 1048 io

763 1105 920 1151 occursu.

344 1220 407 1285 Hic
430 1242 450 1286 a
473 1240 524 1286 me
548 1221 683 1287 forsitan
707 1220 911 1306 deposcatur,
936 1227 971 1286 ut
995 1221 1116 1304 horum,
1140 1241 1220 1305 quos
1241 1241 1339 1306 supra
1354 1240 1441 1286 com-

237 1322 421 1406 memoravi,
458 1322 607 1389 haereses
640 1343 809 1408 exponam,
845 1323 988 1391 Nestorii
1015 1323 1151 1405 scilicet,
1186 1321 1384 1408 Apollinaris
1407 1329 1440 1388 et

236 1425 375 1491 Photini.
422 1426 494 1491 Hoc
516 1425 645 1509 quidem
662 1425 704 1490 ad
720 1445 796 1507 rem,
821 1424 862 1490 de
878 1444 942 1508 qua
957 1423 1042 1491 nunc
1057 1426 1193 1509 agimus,
1217 1446 1281 1491 non
1304 1423 1442 1490 adtinet.

236 1553 249 1591 s
273 1529 477 1614 Propositum
502 1529 619 1593 etenim
643 1528 736 1593 nobis
759 1533 818 1610 est,
841 1548 905 1592 non
926 1527 1122 1611 singulorum
1139 1546 1263 1593 errores
1278 1526 1440 1611 persequi,

237 1631 295 1696 sed
319 1651 492 1717 paucorum
517 1630 665 1715 exempla
687 1630 842 1715 proferre,
876 1630 992 1713 quibus
1016 1628 1183 1695 evidenter
1206 1649 1246 1694 ac
1269 1628 1438 1713 perspicue

238 1732 471 1799 demonstretur
499 1732 588 1814 illud,
625 1731 712 1815 quod
734 1731 864 1815 Moyses
893 1732 949 1812 ait,
985 1730 1062 1814 quia
1089 1731 1223 1812 scilicet,
1257 1728 1439 1813 siquando

238 1834 477 1902 ecclesiasticus
489 1835 605 1917 aliquis
621 1834 783 1918 magister,
808 1841 841 1900 et
857 1835 927 1919 ipse
942 1833 1192 1919 interpretandis
1208 1833 1439 1919 prophetarum

237 1938 399 2024 mysteriis
422 1938 592 2023 propheta,
625 1938 699 2003 novi
728 1937 881 2021 quiddam
906 1939 939 2002 in
962 1937 1116 2003 ecelesia⁶
1139 1936 1192 2002 dei
1220 1942 1357 2022 temptet
1391 1937 1439 2002 in·
1513 1968 1516 1974 ·

238 2042 365 2125 ducere,
401 2041 443 2106 ad
472 2041 715 2126 temptationem
749 2040 784 2106 id
807 2047 949 2107 nostram
983 2041 1058 2105 fieri
1088 2039 1292 2125 providentia
1325 2038 1437 2105 divina

236 2147 387 2231 patiatur.
435 2146 505 2226 (17)
541 2139 689 2210 sUtile‘1
720 2143 819 2227 igitur
853 2142 952 2209 fuerit
983 2143 1015 2208 in
1048 2162 1194 2225 excursu,
1230 2141 1309 2225 quid
1343 2160 1441 2227 supra

238 2249 404 2313 memorati
427 2247 582 2312 haeretici
606 2246 755 2328 sentiant,
780 2245 921 2311 breviter
944 2265 1115 2330 exponere,
1140 2245 1174 2310 id
1198 2251 1247 2311 est
1270 2244 1438 2329 Photinus,

237 2349 442 2434 Apollinaris,
467 2350 642 2417 Nestorius.

344 2452 510 2517 sPhotini
535 2471 611 2535 ergo
636 2459 726 2518 secta
749 2451 830 2518 haec
854 2458 912 2518 est.
960 2452 1049 2518 Dicit
1073 2451 1168 2518 deum
1191 2450 1351 2536 singulum
1367 2471 1439 2518 esse

239 2564 271 2622 et
294 2555 471 2621 solitarium
496 2561 529 2621 et
552 2575 639 2620 more
662 2555 791 2622 iudaico
815 2555 1065 2621 confitendum
1113 2555 1282 2620 Trinitatis
1300 2554 1437 2640 plenitu-

238 2654 345 2723 dinem
377 2663 486 2741 negat,
519 2677 623 2740 neque
650 2657 748 2722 ullam
772 2656 825 2723 dei
849 2657 939 2723 verbi
961 2663 1018 2722 aut
1040 2656 1139 2722 ullam
1170 2658 1303 2743 spiritus
1334 2659 1439 2722 sancti

237 2767 330 2846 putat
358 2780 429 2826 esse
461 2780 640 2845 personam.
687 2759 885 2826 sOhristum
917 2779 993 2825 vero
1026 2758 1186 2825 hominem
1217 2758 1443 2825 tantummodo

238 2862 415 2928 solitarium
447 2861 578 2945 adserit,
612 2862 664 2926 oui
698 2861 891 2947 principium
919 2861 1075 2927 adscribit
1107 2883 1148 2928 ex
1171 2862 1288 2944 Maria;
1322 2868 1354 2928 et
1377 2861 1439 2928 hoc

238 2964 428 3031 omnimodis
451 2964 658 3048 dogmatizat,
683 2965 784 3032 solam
808 2985 867 3030 nos
889 2983 1059 3050 personam
1083 2963 1136 3029 dei
1159 2964 1261 3049 patris
1284 2970 1317 3030 et
1336 2964 1439 3030 solum

239 3068 399 3135 Christum
425 3068 583 3134 hominem
608 3069 714 3134 colere
738 3067 866 3134 debere.
914 3067 1005 3134 Haec
1028 3087 1106 3151 ergo
1130 3067 1297 3133 Photinus.

344 3196 357 3234 s
382 3170 577 3256 Apollinaris
605 3191 681 3236 vero
714 3171 747 3235 in
770 3171 895 3235 unitate
918 3169 1048 3253 quidem
1072 3170 1227 3235 trinitatis
1245 3171 1342 3265 'qnasi
1366 3189 1440 3235 oon·

238 3273 356 3340 sentire
379 3292 414 3338 se
437 3274 574 3356 iactitat,
598 3310 642 3320 -
665 3280 698 3340 et
721 3273 784 3339 hoo
807 3274 911 3358 ipsum
934 3294 998 3338 non
1020 3273 1118 3358 plena
1140 3271 1221 3338 fidei
1244 3273 1439 3340 sanitate-

238 3374 297 3441 sed
319 3377 351 3439 in
375 3374 495 3440 domini
519 3377 740 3442 incarnatione
756 3382 869 3461 aperta
883 3375 1081 3461 professione
1098 3375 1309 3461 blasphemat.
1350 3374 1438 3439 Dicit

238 3479 321 3546 enim
339 3477 372 3542 in
388 3479 458 3563 ipsa
474 3477 645 3544 salvatoris
661 3479 761 3545 nostri
778 3497 873 3544 came
889 3485 946 3543 aut
962 3478 1100 3542 animam
1116 3476 1288 3543 humanam
1310 3478 1441 3562 penitus

237 3602 301 3646 non
328 3580 430 3646 luisse
452 3587 508 3646 aut
532 3587 619 3646 certe
643 3581 739 3646 talem
763 3583 874 3662 inisse,
898 3582 950 3646 cui
974 3600 1062 3646 mens
1079 3586 1112 3644 et
1130 3580 1213 3645 ratio
1236 3600 1301 3645 non
1324 3575 1436 3644 essetf.

238 3709 249 3748 r
273 3682 340 3750 Sed
364 3690 397 3749 et
420 3685 523 3769 ipsam
547 3683 667 3750 domini
692 3704 820 3750 carnem
843 3704 907 3748 non
937 3682 979 3748 de
1001 3689 1134 3748 sanotae
1157 3683 1291 3767 virginis
1314 3682 1437 3748 Mariae

238 3807 335 3854 carne
359 3793 553 3872 susceptam,
577 3786 634 3852 sed
658 3785 699 3851 de
723 3786 814 3852 caelo
838 3787 871 3851 in
892 3785 1051 3871 virginem
1067 3783 1273 3851 descendisse
1297 3784 1440 3870 dicebat,

400 4015 415 4046 ὓ
428 4008 462 4059 ut
480 4004 676 4061 committeret
694 4008 723 4060 et
741 4022 762 4060 s.
836 4007 851 4048 b
870 4002 1010 4068 >P1-4.
1084 4005 1156 4058 eita
1175 4001 1262 4066 ΡΗ,
1282 4002 1439 4060 ecclesiam

401 4091 455 4145 sbi.
563 4089 579 4132 d
601 4093 631 4155 4-
652 4089 734 4145 illud
752 4088 803 4144 P4.
904 4089 1133 4159 ecoofircosam
1151 4087 1201 4146 1²⁴.
1310 4086 1324 4129 f
1338 4087 1440 4158 fuisse

400 4173 451 4229 ccci
474 4215 481 4230 .
501 4215 509 4230 .
529 4215 535 4230 .
555 4177 630 4229 esset
647 4182 683 4238 >
701 4173 752 4229 P4.
