3324 4866
686 522 771 577 XVII
791 522 904 578 13-18.
1365 525 1400 579 41

196 678 366 755 sententia,
401 699 436 744 se
468 699 539 744 oum
565 677 705 762 Origene
738 699 844 768 errare
874 680 971 745 malle
1000 700 1097 762 quam
1125 700 1197 744 oum
1227 679 1300 746 aliis
1323 702 1401 747 vera

196 781 357 847 sentire1?
404 807 429 846 ιι
445 783 487 848 Et
504 782 581 865 quid
598 781 715 868 plura?
763 781 811 847 Eo
827 803 879 848 res
896 782 1028 860 decidit,
1052 777 1089 848 ut
1105 789 1215 848 tantae
1232 803 1398 869 personae,

197 885 277 949 tanti
314 884 464 968 doctoris,
503 885 585 950 tanti
620 884 797 971 prophetae
831 906 894 951 non
918 887 1095 952 tamma·
1122 885 1232 968 aliqua
1259 885 1328 969 sed,
1365 893 1400 951 ut

198 988 303 1053 exitus
319 1033 322 1040 ·
338 987 457 1070 doouit,
496 988 629 1053 nimium
661 985 845 1072 periculosa
877 989 1052 1074 temptatio
1088 988 1242 1074 plurimos
1270 1010 1291 1055 a
1319 989 1401 1054 fidei

197 1089 382 1173 integritate
399 1087 573 1153 deduceret
582 1090 604 1152 ².
652 1113 678 1152 ιι
694 1086 909 1166 Quamobrem
925 1089 978 1154 hio
993 1087 1098 1154 idemb
1119 1087 1276 1172 Origenes
1292 1097 1400 1155 tantus

197 1211 237 1256 ao
261 1190 344 1273 talis,
381 1190 456 1255 dum
480 1191 586 1274 gratia
610 1189 663 1255 dei
686 1189 876 1255 insolentius
899 1190 1052 1271 abutitur,
1088 1189 1165 1255 dum
1188 1191 1318 1274 ingenio
1342 1212 1400 1257 suo

198 1293 329 1357 nimium
353 1291 499 1376 indulget
522 1292 648 1375 sibique
678 1292 757 1356 satis
786 1291 901 1374 eredit,
930 1299 1023 1358 oum⁰
1052 1293 1145 1377 parvi
1177 1292 1290 1377 pendit
1320 1295 1401 1358 anti·

198 1415 293 1479 quam
318 1393 514 1460 christianae
536 1393 703 1477 religionis
726 1395 978 1478 simplieitatem,
1001 1393 1077 1460 dum
1100 1414 1135 1460 se
1158 1395 1231 1480 plus
1255 1392 1402 1461 or'rnotis‘1

198 1517 312 1582 sapere
350 1498 536 1582 praesumit,
577 1495 652 1560 dum
690 1497 928 1563 ecclesiastieae
963 1495 1154 1563 traditiones
1189 1504 1222 1562 et
1256 1505 1400 1563 veterum

197 1599 386 1683 magisteria
401 1606 607 1664 contemnens
624 1597 783 1681 quaedam
799 1598 1030 1684 seripturarum
1054 1599 1198 1684 capitula
1214 1620 1297 1666 noro
1313 1619 1401 1666 more
1444 1655 1446 1662 ,

198 1703 456 1787 interpretatur-³,
482 1726 507 1766 ιι
524 1701 649 1778 meruit,
674 1707 709 1765 ut
725 1700 766 1766 de
783 1719 818 1766 se
835 1720 961 1784 quoque
978 1700 1135 1770 ecelesiae
1153 1700 1206 1766 dei
1223 1700 1400 1767 diceretur:

199 1806 238 1871 st
261 1806 450 1870 eurremerit
465 1806 503 1869 iu
517 1805 626 1869 medio
643 1806 694 1870 tui
708 1805 884 1890 propbeta,
909 1809 942 1869 et
958 1804 1159 1892 paulopost:
1184 1826 1251 1870 nou
1272 1807 1401 1887 audies,

198 1909 310 1989 inquit,
334 1909 437 1972 verba
454 1907 643 1992 prophetae
666 1907 781 1988 ἄνισα·
816 1913 849 1970 et
872 1907 964 1971 item:
989 1909 1078 1991 quia,
1114 1907 1227 1989 inquit,
1261 1915 1402 1992 temptat

198 2019 278 2076 riose
314 2011 471 2096 dominun
503 2011 586 2074 deuo
618 2017 734 2084 vester,
775 2016 890 2074 etrum
925 2009 1075 2096 diligatis
1109 2030 1185 2075 eum
1220 2031 1266 2074 au
1301 2015 1402 2076 nont

199 2139 223 2177 ro
238 2112 320 2178 Vere
335 2132 398 2176 non
415 2112 516 2177 solum
532 2113 702 2196 temptatio
726 2110 784 2176 sed
801 2111 898 2176 etiam
915 2132 1034 2195 magna
1055 2110 1234 2196 temptatio
1256 2111 1401 2177 deditam

199 2215 260 2281 sibi
299 2223 398 2298 atque
436 2215 469 2279 iu
508 2234 543 2281 se
582 2213 776 2299 pendentem
815 2214 987 2308 eeclesiam
1020 2212 1232 2279 admiratione
1268 2215 1401 2298 ingenii,

199 2319 364 2402 scientiae,
401 2318 613 2401 eloquentiae,
650 2317 902 2383 conversationis
936 2323 968 2381 et
1003 2317 1142 2400 gratiae,
1176 2315 1255 2382 nihil
1291 2316 1332 2382 de
1367 2336 1402 2382 se

199 2422 426 2506 suspicantem,
456 2417 553 2484 nibilf
574 2429 747 2500 verentem,
773 2419 880 2485 subito
904 2441 925 2484 a
947 2420 1049 2484 veteri
1066 2419 1220 2503 religione
1235 2419 1268 2484 in
1285 2440 1402 2485 novam

198 2522 429 2607 profanitatem
445 2521 563 2587 sensim
579 2520 798 2605 paulatimque
814 2518 995 2600 traducere.
1024 2546 1049 2586 ιι
1066 2519 1131 2586 Sed
1148 2519 1260 2586 dioet⁸
1275 2521 1401 2604 aliquis,

200 2632 367 2710 corruptos
380 2644 449 2690 ease
466 2623 615 2710 Origenis
631 2623 762 2688 libros⁵.
808 2623 881 2690 Non
898 2624 1023 2707 resisto,
1040 2623 1116 2706 quin
1133 2623 1241 2708 potius
1257 2631 1290 2690 et
1306 2624 1402 2690 malo.

199 2729 284 2794 Nam
307 2725 342 2792 id
365 2747 385 2819 a
409 2724 599 2809 quibusdam
623 2731 656 2790 et
680 2723 834 2789 traditum
850 2731 883 2790 et
899 2726 1053 2809 seriptum
1069 2732 1128 2808 est,
1152 2746 1215 2792 non
1232 2725 1402 2792 oatholiois

199 2836 325 2894 tantum
349 2829 579 2894 verumetiam
609 2826 792 2892 haereticis.
840 2852 866 2892 ιι
889 2826 955 2893 Sed
985 2827 1065 2892 illud
1101 2835 1160 2909 est,
1197 2827 1283 2911 quod
1317 2849 1402 2894 nuno

360 3024 453 3069 uutura
472 3012 520 3070 Pl.
611 3014 663 3077 b>
682 3015 711 3069 b.
806 3014 909 3069 edum
929 3011 976 3068 P4.
1086 3011 1238 3068 deonotus
1255 3015 1331 3084 plue
1351 3011 1401 3068 P4.

362 3097 466 3171 aquia
483 3102 578 3154 tentet
598 3115 649 3155 noe
667 3097 770 3170 iuquit
789 3102 816 3154 b.
926 3097 939 3140 f
958 3103 988 3163 ψ
1010 3115 1040 3154 ee
1059 3115 1081 3154 s.
1172 3109 1190 3151 e
1208 3098 1285 3155 dicit
1303 3098 1353 3154 Pl.

309 3253 320 3290 ¹
339 3253 408 3323 Cio,
427 3255 515 3310 Tusa.
537 3256 550 3309 1
571 3257 612 3325 17,
631 3256 680 3310 39:
699 3257 818 3311 Errare
838 3257 1004 3311 mehercule
1023 3256 1105 3310 molo
1124 3271 1193 3310 oum
1213 3256 1338 3310 Plutone

201 3355 296 3410 quarn
313 3356 382 3396 euru
401 3338 469 3395 istie
487 3357 560 3395 vera
578 3339 699 3395 sentire.
793 3338 806 3376 2
825 3339 1005 3406 Certamina,
1026 3355 1107 3409 quae
1126 3346 1260 3394 exeunte
1279 3340 1401 3394 saeculo

202 3427 312 3494 quarto
332 3426 411 3479 inter
430 3426 588 3495 episcopos
608 3430 638 3478 et
657 3425 823 3480 monachos
840 3423 978 3496 Aegypti
997 3425 1035 3479 de
1055 3422 1189 3494 Origene
1212 3429 1278 3478 orta
1307 3429 1402 3490 erant,

202 3509 297 3564 oeulis
317 3509 445 3564 dicendo
461 3510 548 3577 quasi
566 3509 677 3563 subicit
690 3507 843 3579 Sulpicius
853 3507 993 3576 Severus,
1013 3507 1150 3562 Dianio
1223 3504 1236 3544 ³
1254 3507 1402 3577 Origenes

201 3592 384 3662 allegoricae
411 3594 655 3662 interpretationi
684 3593 772 3647 nimis
792 3593 985 3664 indulgebat3
1015 3594 1067 3648 eir.
1086 3593 1202 3662 Epiph,
1225 3591 1333 3646 Ancor.
1354 3593 1402 3647 54:

204 3679 297 3737 Οὕτως
316 3680 344 3732 οἱ
365 3678 456 3732 πολλοὶ
474 3679 519 3732 καὶ
537 3678 596 3747 περὶ
614 3679 776 3746 παραδείσου
795 3679 992 3747 ἀλληγοροῦσιν,
1018 3678 1055 3737 ὥς
1083 3679 1099 3730 ὁ
1124 3678 1251 3747 θεήλατος
1271 3677 1403 3747 Ὼριγὲιης

200 3763 316 3831 ἠθέλησε
335 3765 481 3832 φαντασίαν
500 3763 600 3831 μᾶλλον
613 3763 680 3831 ἤπερ
699 3763 829 3831 ἀλήθειαν
841 3771 879 3831 τῷ
892 3765 945 3832 βίῳ
958 3763 1215 3831 συνεισενέγκασθαι.
1287 3759 1401 3816 ⁴Deut.

202 3847 342 3913 13‚1-e.
415 3845 554 3906 ⁵Libuos
574 3863 646 3902 suos
674 3848 713 3901 ab
733 3848 893 3903 haereticis
913 3852 1070 3917 corruptos
1090 3861 1156 3901 esse
1173 3847 1235 3900 iam
1254 3845 1403 3916 Origenes

202 3939 326 4001 questus
354 3939 399 3988 est
427 3934 492 4003 ipae
521 3939 551 3986 et
577 3931 664 3986 multi
684 3939 790 4002 postea
810 3932 889 3988 idem
908 3933 1088 4002 repetivere,
1118 3947 1165 3986 ex.
1185 3947 1230 4002 gr.
1251 3929 1332 4000 Sulp.
1354 3929 1402 3987 Se·

202 4032 302 4085 verus,
331 4016 486 4070 Dianio.
524 4017 640 4071 Nostris
665 4018 851 4086 temporibus
874 4016 1028 4081 Vincenni,
1058 4016 1211 4084 professor
1239 4015 1402 4081 Romanus,

202 4102 332 4155 eandem
363 4104 543 4156 seutentiam
576 4101 710 4157 defendit
743 4099 791 4164 (In
822 4116 845 4156 s.
872 4099 1015 4171 Gregorii
1042 4099 1172 4169 Nysseni
1204 4104 1234 4153 et
1262 4097 1405 4169 Origenis

202 4186 315 4254 scripta
335 4191 364 4240 et
384 4187 553 4241 doctrinam
572 4201 654 4241 nova
673 4187 819 4251 recensio,
839 4185 857 4239 4
874 4184 952 4252 roll,
971 4183 1085 4239 Romae
1104 4182 1301 4248 1864-1869).
