3324 4866
246 553 282 608 oa
644 550 743 606 xxvr
762 550 929 606 e-xxvrr
948 550 966 606 a
984 548 1050 620 (aa).

247 731 316 792 sua,
334 708 431 777 idest
447 709 480 774 in
497 708 727 776 communionis
742 717 840 774 suae*
857 707 1090 790 conventiculo,
1115 727 1233 791 magna
1250 714 1282 772 et
1297 706 1449 792 specialis

247 833 287 878 ac
311 812 406 897 plane
429 811 608 898 personalis
631 809 790 894 quaedam
814 813 855 876 sit
879 809 932 876 dci
957 811 1072 894 gratia,
1097 835 1109 875 a
1132 809 1215 874 adeo
1238 816 1273 874 ut
1296 811 1364 875 sine
1383 809 1448 874 ullo

248 915 368 997 labore,
392 915 461 980 siue
484 913 549 978 ullo
574 911 692 995 studio,
721 913 790 978 sine
813 913 879 978 ulla
902 911 1071 994 industria,
1100 911 1228 977 etiamsi
1252 931 1311 977 nec
1336 917 1449 994 petant

247 1035 307 1082 nec
331 1022 487 1099 quaerant
518 1035 579 1081 nec
611 1015 749 1100 pulsent,
783 1014 974 1098 quicumque
1007 1013 1052 1078 illi
1086 1013 1128 1078 ad
1158 1032 1323 1080 numerum
1357 1032 1449 1078 suum

247 1117 420 1202 pertinent,
448 1122 555 1182 tamen
579 1117 624 1182 ita
649 1115 802 1206 divinitus
826 1115 1060 1200 dispensentur,
1093 1122 1128 1178 nt
1156 1115 1312 1198 angelicis
1344 1115 1448 1180 evecti

248 1220 406 1301 manibus,
440 1218 476 1284 id
499 1227 548 1284 eat
571 1219 720 1302 angelica
742 1218 942 1304 protectione
965 1218 1094 1300 servati,
1130 1237 1302 1299 numquam
1326 1218 1449 1302 possint

249 1323 418 1409 offendere
448 1323 494 1388 ud
526 1322 675 1408 lapidem
706 1323 825 1406 pedem
856 1342 965 1398 caum,
1001 1319 1035 1385 id
1071 1326 1120 1385 est
1152 1340 1323 1403 numquam
1358 1340 1450 1386 ecan-

249 1424 392 1490 daliaari.
799 1439 802 1448 ’

250 1646 390 1710 XXVII.
427 1647 606 1730 Repetitur
629 1648 758 1732 rapula,
783 1668 850 1731 quo
873 1648 1029 1712 doctrina
1051 1667 1132 1711 vera
1148 1645 1451 1711 cohaereticorum

609 1751 782 1834 pravitate
807 1750 954 1815 discerni
972 1750 1093 1834 poscit.

357 1885 424 1964 (38)
448 1883 515 1949 Sed
538 1883 643 1949 dicitb
666 1886 798 1967 aliquis:
839 1886 873 1951 Si
898 1886 1016 1951 divinis
1039 1886 1175 1968 eloquiis
1198 1885 1365 1950 sententiis
1381 1903 1452 1968 pro·

249 1988 454 2053 missionibus
477 1994 510 2052 et
534 1987 681 2053 diabolus
706 1995 738 2053 et
768 1988 919 2073 discipuli
953 1991 1020 2053 eius
1053 1997 1193 2069 utuntur,
1230 2006 1363 2070 quorum
1396 1985 1451 2051 alii

250 2096 323 2154 sunt
347 2088 610 2173 pseudoapostoli
635 2091 690 2155 alii
721 2090 1024 2176 pseudoprophetae
1054 2097 1087 2156 et
1118 2090 1387 2176 pseudomagistri
1420 2095 1453 2154 et

249 2211 358 2257 omnes
382 2210 422 2256 ex
445 2200 513 2257 toto
539 2191 704 2273 haeretici,
729 2193 806 2275 quid
830 2192 950 2258 facient
966 2193 1117 2258 catholici
1134 2193 1278 2258 homines
1294 2199 1326 2257 et
1342 2192 1454 2257 matris

250 2294 406 2359 ccclesiae
430 2294 514 2358 tilii?
561 2293 802 2372 Quonammodo
830 2296 862 2360 in
887 2295 1052 2379 scripturis
1085 2297 1206 2361 sanctis
1239 2296 1407 2360 veritatem
1433 2316 1454 2361 a

250 2394 393 2460 falsitate
419 2394 625 2460 discernent?
671 2422 683 2460 a
708 2397 777 2462 Hoc
801 2397 925 2462 scilicet
948 2397 1057 2462 iacere
1073 2416 1269 2482 magnopere
1286 2397 1452 2477 curabunt,

250 2497 334 2580 quod
359 2499 391 2560 in
417 2498 573 2582 principio
603 2499 834 2564 commonitorii
868 2499 1334 2566 istius1'sanctosetdoctos
1367 2500 1454 2564 viros

251 2598 424 2664 tradidisse
465 2600 576 2665 nobisc
611 2602 806 2685 scripsimus,
841 2608 876 2665 ut
911 2601 1054 2667 divinum
1090 2622 1243 2667 canonem
1279 2601 1453 2667 secundum

249 2701 441 2766 universalis
480 2702 637 2767 ecclcsiae
677 2703 867 2769 traditiones
903 2712 935 2770 et
971 2706 1061 2770 iuxta
1099 2703 1250 2769 catholici
1292 2703 1455 2788 dogmatis

250 2803 380 2886 regulas
408 2805 679 2888 interpretantem
714 2806 782 2870 ain
815 2826 878 2889 qua
906 2807 982 2872 item
1016 2807 1177 2872 catholica
1209 2814 1243 2872 et
1275 2805 1455 2892 apostolica

250 2902 411 2971 ccclesia‘¹
437 2913 611 2987 sequantur
634 2927 765 2972 necesse
790 2914 838 2972 est
861 2911 1101 2976 universitatem
1126 2910 1349 2992 antiquitatem
1381 2930 1455 2974 con-

252 3007 443 3091 sensionem,
484 3013 526 3090 et,
566 3010 592 3073 ei
627 3009 755 3092 quando
789 3030 864 3095 pars
897 3018 1009 3076 contra
1041 3013 1293 3095 universitatem,
1326 3013 1455 3077 novitas

411 3193 649 3250 scammoniam·
668 3211 724 3250 suo
741 3193 793 3249 Pi.
903 3195 919 3237 b
946 3194 1026 3251 dicet
1044 3197 1072 3250 b.
1192 3196 1308 3252 caecas
1327 3197 1407 3252 trad.
1427 3197 1455 3252 b.

413 3277 428 3320 d
448 3278 611 3336 catholicae
630 3279 872 3351 apostolicaeque
891 3279 1030 3336 ecclesiae
1049 3298 1070 3336 s

250 3440 502 3512 pelagianismum
518 3440 650 3493 auctoris
665 3441 801 3508 sapiunt3
823 3441 904 3493 hisce
923 3441 1001 3493 enim
1016 3439 1118 3493 verbis
1131 3454 1193 3493 non
1206 3439 1303 3493 solum
1317 3455 1339 3494 s.
1351 3438 1456 3510 Angu-

251 3526 322 3579 sttui
344 3524 512 3578 doctrinam
534 3522 572 3576 de
591 3523 871 3591 praedestinatione
891 3522 1032 3577 absoluta
1052 3523 1104 3577 sed
1125 3525 1214 3577 etiam
1230 3523 1343 3592 dogma
1356 3526 1457 3579 catho-

252 3610 342 3662 licum
372 3608 409 3660 de
439 3606 519 3660 dono
552 3607 801 3676 perseverantiae
829 3607 991 3677 impugnat
1020 3613 1137 3675 auctor,
1166 3607 1248 3676 quod
1268 3610 1371 3661 tamen
1392 3625 1457 3677 per·

251 3707 341 3746 verse
359 3693 402 3744 ita
421 3692 647 3759 interpretatur,
675 3690 878 3759 quemnemo,
908 3692 957 3746 cui
987 3691 1017 3744 id
1047 3691 1161 3745 donum
1191 3692 1362 3760 contigerit,
1391 3695 1457 3746 sine

250 3777 312 3831 ullo
341 3776 452 3842 labore,
479 3775 545 3828 sine
573 3773 634 3828 ullo
662 3773 772 3840 studio,
801 3775 866 3828 sine
897 3775 965 3828 ullis
994 3776 1136 3844 precibus
1155 3789 1321 3844 numquam
1341 3783 1456 3845 peccet,

252 3877 419 3930 numquam
439 3859 669 3914 scandalizetur.
708 3859 802 3912 Porro
824 3859 881 3912 hoc
901 3859 969 3913 loco
993 3858 1182 3914 aVincentio
1197 3865 1302 3928 aperte
1316 3875 1338 3912 s.
1352 3857 1457 3928 Augu-

252 3947 363 4001 stinum
384 3944 483 3997 notari
502 3948 585 3998 recte
615 3944 792 3998 observavit
811 3942 1035 3998 Bardenlrewer
1062 3939 1269 4013 <Patrologie²
1296 3943 1374 4011 459);
1404 3944 1456 3998 cfr.

251 4029 390 4099 August,
411 4027 457 4082 De
478 4028 558 4082 dono
579 4043 696 4098 persev.
710 4028 753 4096 23,
767 4028 816 4082 64:
837 4027 1015 4083 Adtendaat
1029 4044 1109 4098 erpo,
1128 4030 1279 4099 quomodo
1292 4027 1458 4098 saluatur,

254 4113 308 4186 qui
324 4117 441 4182 putant
459 4128 522 4168 ease
541 4129 560 4167 α
579 4112 676 4177 nobis,
696 4129 758 4167 aaa
778 4111 851 4167 dari
870 4111 966 4179 nobis,
986 4114 1020 4166 ut
1029 4115 1173 4181 petamus
1188 4129 1374 4183 quaeramus
1391 4114 1458 4182 pul·

251 4214 362 4254 semaa.
470 4196 600 4268 ¹Supra
620 4213 643 4252 c.
663 4197 681 4252 2
700 4204 731 4252 et
749 4198 773 4251 3.
