3324 4866
214 493 250 548 28
735 493 777 548 XI
796 495 893 548 8-12.

213 649 385 732 scriberet3
410 649 496 734 quod
521 651 734 716 monumentis
756 651 908 717 librorum
932 670 1061 717 suorum
1076 651 1311 732 manifestatur,
1336 669 1416 732 quos

214 751 300 818 idem
323 754 440 838 partim
463 762 602 837 graecol
624 754 743 838 partim
769 753 871 819 latino
902 773 1047 821 sermone
1076 755 1265 839 composuit.
1312 779 1325 818 a
1348 753 1415 819 Sed

213 856 305 937 bene,
340 855 425 938 quod
450 857 640 922 commissae
663 855 726 940 ipsi
750 877 827 922 oves
851 856 978 938 Christi,
1015 857 1148 921 multum
1172 877 1229 941 pro
1254 855 1415 921 catholiea

213 956 281 1022 fide
305 956 477 1041 vigilantes
501 965 533 1024 et
560 965 685 1040 cautae,
722 960 786 1024 cito
816 959 858 1024 ad
886 959 1123 1044 praemonentis
1153 959 1258 1043 Moysi
1287 959 1415 1041 eloquia

211 1058 455 1146 respexeruntb,
480 1073 512 1126 et
534 1061 711 1147 prophetae
735 1070 832 1145 atque
855 1064 994 1148 pastoris
1017 1064 1067 1128 sui
1087 1063 1163 1128 licet
1181 1055 1415 1129 admirarentur

213 1165 438 1247 eloquentiam,
474 1165 717 1250 temptationem
747 1172 854 1231 tamen
879 1186 942 1230 non
966 1167 1164 1249 ignorarunt.
1211 1166 1294 1232 Nam
1319 1185 1413 1248 quem

213 1275 309 1332 antea
332 1267 423 1350 quasi
448 1268 582 1333 arietem
605 1270 715 1353 gregis
738 1270 963 1352 sequebantur,
989 1268 1125 1334 eundem
1149 1268 1303 1353 deinceps
1326 1269 1415 1334 velut

211 1371 320 1454 lupum
344 1370 457 1454 fugere
481 1379 665 1456 coeperunt.
1173 1361 1175 1370 ’

319 1501 331 1538 c
362 1474 475 1556 Neque
510 1475 612 1540 solum
637 1475 766 1540 Photini
802 1475 860 1541 sed
895 1475 992 1541 etiam
1017 1475 1231 1560 Apollinaris1
1267 1474 1414 1559 exemplo

211 1576 305 1643 istius
328 1577 567 1643 ecclesiasticae
595 1579 816 1663 temptationis
844 1578 1020 1664 periculum
1050 1577 1202 1643 discimus
1210 1585 1235 1660 ⁰,
1267 1582 1300 1641 et
1323 1577 1415 1641 simul

213 1677 280 1744 add
305 1680 525 1747 observandae
550 1681 736 1767 diligentius
760 1682 841 1747 iidei
866 1673 1064 1747 cu‘stodiam‘l
1089 1700 1336 1748 commonemur.
1372 1679 1414 1744 Et

210 1784 281 1866 ipse
305 1780 408 1847 eninrf
430 1783 629 1850 auditoribus
653 1785 719 1851 suis
734 1805 868 1868 magnos
885 1792 1019 1850 aestusg
1044 1791 1075 1849 ct
1093 1803 1230 1867 magnas
1245 1783 1414 1866 generavit

211 1886 388 1968 angustias,
413 1887 533 1972 quippe
556 1907 628 1952 cum
651 1908 706 1953 eos
731 1887 793 1952 huc
810 1888 967 1952 ecclesiae
983 1887 1125 1952 traheret
1141 1889 1327 1968 auctoritas,
1353 1884 1415 1951 huc

211 1985 357 2071 magistri
372 1989 550 2054 retraheret
568 1989 775 2072 consuetudo,
800 1986 963 2072 cumqueh
987 1990 1070 2054 inter
1085 1995 1221 2071 utraque
1235 1985 1415 2053 nutabundi

215 2097 248 2155 et
259 2090 465 2174 fluctuantes,
484 2091 561 2174 quid
573 2085 680 2176 potius
693 2093 754 2156 sibi
766 2089 982 2176 seligendum¹
997 2091 1092 2173 foret,
1110 2111 1173 2156 non
1190 2087 1414 2175 expedirentk.

211 2219 238 2258 ιο
262 2193 328 2258 Sed
352 2194 487 2260 forsitan
515 2194 670 2260 eiusmodi
693 2195 749 2260 illc
778 2195 826 2259 vir
855 2202 934 2270 erat,
972 2193 1025 2276 qui
1059 2193 1175 2277 dignus
1204 2202 1290 2259 esset
1317 2193 1415 2258 facile

212 2295 396 2360 contemni?
441 2297 542 2361 Immo
567 2317 643 2362 vero
667 2303 776 2363 tantus
800 2317 839 2362 ac
863 2296 948 2378 talis,
973 2295 1025 2362 cui
1041 2297 1173 2360 nimium
1189 2295 1254 2361 cito
1270 2296 1303 2360 in
1319 2296 1414 2380 pluri·

211 2400 272 2463 mis
288 2397 484 2464 crederetur.
524 2400 608 2467 Nam
624 2400 702 2483 quid
718 2400 773 2465 illo
789 2400 1006 2485 praestantius
1022 2399 1168 2464 acumine
1184 2399 1414 2465 exercitatione

213 2500 383 2584 doctrina?
430 2529 455 2567 11
479 2502 581 2580 Quam
605 2504 722 2569 multas
745 2503 799 2568 ille
823 2503 972 2572 haereses
995 2502 1103 2567 multis
1126 2500 1340 2567 voluminibus
1362 2502 1417 2567 cb·

211 2600 354 2688 pressit¹,
379 2611 457 2687 quot
472 2605 618 2670 inimicos
634 2605 715 2670 fidei
732 2606 945 2671 confutavitln
969 2625 1101 2687 errores,
1126 2603 1246 2669 indicio
1270 2612 1319 2670 est
1335 2624 1414 2689 opus

214 2704 296 2771 illud
319 2705 451 2788 triginta
474 2727 537 2771 non
566 2709 670 2773 minus
699 2709 861 2789 librorum,
897 2708 1127 2773 nobilissimum
1151 2712 1206 2770 et¹¹
1230 2706 1414 2788 maximum,

213 2827 276 2890 quo
300 2807 430 2873 insanas
454 2809 625 2894 Porphyrii
642 2810 817 2876 calumnias
833 2831 953 2894 magna
968 2811 1215 2895 probationum⁰
1239 2809 1322 2874 mole
1343 2829 1414 2874 con-

212 2909 324 2975 fudit2.
372 2935 397 2975 ιι
413 2910 561 2995 Longum
585 2922 634 2977 est
658 2913 807 2979 universa
830 2913 930 2998 ipsius
947 2933 1045 2997 opera
1067 2932 1324 2996 commemorare,
1349 2915 1415 2996 qui·

212 3014 271 3079 bus
293 3014 441 3099 proiecto
465 3016 596 3081 summis
619 3014 883 3081 aedificatoribus
907 3015 1063 3080 ecclesiae
1084 3035 1143 3099 par
1160 3035 1230 3080 esse
1245 3017 1413 3100 potuisset,

212 3115 273 3181 nisi
298 3117 435 3202 profana
459 3117 514 3184 illa
542 3118 726 3183 haereticae
756 3117 951 3182 curiositatis
983 3116 1118 3182 libidine
1152 3137 1270 3182 novum
1305 3119 1414 3184 nescio

213 3217 291 3302 quid
314 3218 541 3303 adinvenisset,
578 3239 640 3303 quo
665 3227 697 3285 et
720 3226 853 3284 cunctos
882 3220 1009 3284 labores
1038 3239 1113 3285 suos
1137 3217 1224 3284 velut
1249 3220 1413 3286 cuiusdam

374 3454 529 3526 sparsim
556 3471 665 3527 praeco
684 3463 720 3519 >
739 3454 788 3511 1³¹.
899 3455 1160 3526 bprospenccbuat
1183 3453 1231 3510 P4.
1342 3452 1415 3507 edt-

374 3542 471 3599 cimus
489 3529 557 3596 Pl(
648 3539 664 3581 d
686 3543 724 3596 ab
746 3538 793 3595 ΡΒ.
903 3540 1070 3597 ⁰custodia
1089 3539 1140 3595 Pi.
1213 3538 1285 3594 fita
1304 3535 1415 3604 P1-4i‚

375 3625 485 3684 etenim
504 3624 570 3697 ipsc
589 3628 632 3681 sb.
706 3629 829 3680 sactus
848 3642 870 3681 s.
944 3624 1025 3680 haic
1038 3642 1060 3680 s.
1134 3624 1336 3696 ielipendum
1349 3621 1414 3678 12³⁴.

376 3713 394 3756 k
414 3711 581 3782 expediunt
600 3728 623 3766 s.
704 3709 714 3752 ¹
735 3711 869 3767 crederet
887 3709 937 3766 ΡΒ.
1020 3721 1045 3753 111
1064 3713 1107 3766 ita
1127 3707 1212 3777 ΡΗ,
1233 3706 1416 3780 obpresserit

375 3840 380 3852 .
401 3839 407 3852 .
428 3839 433 3852 .
453 3794 659 3867 confutaverit
678 3797 732 3851 sbi.
806 3806 822 3837 ¹1
842 3811 878 3852 ac
899 3799 927 3851 b.
1002 3806 1017 3838 ⁰
1034 3793 1229 3865 probationis
1247 3792 1298 3848 P4.

323 3981 334 4018 ¹
354 3983 400 4039 De
411 3982 581 4052 Apollinari
594 3989 736 4054 egerunt:
756 3981 868 4050 Voisiu,
888 3981 1166 4053 L‘Apollinarisme,
1187 3981 1413 4048 Lovanii19013

212 4069 400 4136 Lietzmann,
427 4067 611 4139 Apollinaris
630 4083 692 4122 von
711 4067 864 4123 Laodicea
894 4067 958 4121 und
984 4068 1068 4122 scine
1097 4065 1207 4121 Schule
1226 4066 1248 4135 I,
1280 4065 1414 4146 Tubing3

212 4154 290 4209 1904.
363 4151 432 4208 2Ηὶ
451 4160 557 4208 contra
575 4152 777 4224 Porphyrium
797 4155 826 4220 (ψ
845 4153 909 4217 304)
928 4152 996 4206 libri
1016 4166 1139 4221 prorsus
1158 4153 1348 4207 interierunt.
