3324 4866
248 516 284 571 68
647 515 746 570 XXXI
765 514 964 570 r-xxxlru
983 516 1048 583 (43).

249 677 445 760 sacerdotes,
470 679 636 746 universos
665 677 866 745 confessores
899 685 931 744 et
965 684 1155 764 martyres²,
1188 700 1357 763 rquorum
1392 681 1447 746 alii

249 780 477 867 explanassent
512 779 564 846 dei
599 781 714 864 legem,
749 780 803 846 alii
836 801 913 847 vero
942 782 1190 866 explanantibus
1213 784 1449 850 consensissent

249 884 303 950 rel
326 880 549 963 credidissent,
584 887 684 948 totam
716 887 877 966 postremo
901 883 998 947 etiam
1026 901 1110 948 nunc
1134 902 1242 949 errare
1267 891 1298 949 et
1322 903 1448 968 semper

250 1004 374 1052 enasse
397 981 604 1050 adseveraret
628 983 807 1065 ecclesiam,
839 1002 931 1065 quae,
966 989 1001 1048 ut
1024 983 1085 1066 ipsi
1111 982 1290 1065 videbatur,
1319 984 1449 1068 ignaros

249 1105 463 1169 erroneosque
486 1085 636 1153 doctores
660 1092 692 1151 et
715 1090 826 1152 secuta
851 1092 935 1151 esset
959 1090 992 1150 et
1014 1092 1210 1168 sequeretur.

255 1335 263 1346 ’
288 1320 431 1386 ΧΧΧΙΙ.
478 1319 537 1385 Em
561 1319 715 1404 epistulis
739 1319 838 1404 Xycti
862 1319 933 1382 III.
958 1327 989 1384 ct
1015 1316 1195 1386 Caelestini
1215 1322 1414 1408 pontificum

340 1425 573 1490 Romanorum
590 1422 763 1507 profanus
786 1422 950 1486 novitates
973 1422 1132 1486 citandus
1156 1443 1225 1487 ecoe
1244 1430 1352 1507 putet.

357 1567 426 1647 (43)
451 1565 542 1644 Quae
565 1565 672 1631 omnia
695 1563 771 1629 licet
796 1563 956 1630 cumulate
980 1563 1170 1648 abundeque
1194 1565 1386 1632 sufficerent
1407 1567 1449 1633 ad

248 1677 419 1763 profanas
443 1692 586 1757 quasque
609 1672 774 1737 novitates
798 1671 980 1737 obruendas
1005 1677 1037 1737 ct
1061 1671 1307 1757 extinguendas,
1333 1680 1451 1756 tamen,

250 1799 290 1844 ne
314 1776 391 1861 quid
416 1775 528 1842 deesse
552 1781 663 1840 tantae
686 1774 878 1859 plenitudini
901 1773 1075 1858 videretur,
1108 1774 1151 1839 ad
1187 1782 1362 1841 extremum
1396 1776 1452 1841 ad·

250 1879 384 1945 iacimus
406 1877 566 1962 geminam
594 1873 902 1960 apostolicaesedis
926 1876 1160 1958 auctoritatem,
1197 1897 1293 1941 unam
1329 1878 1454 1944 scilicet

251 1982 355 2049 sancti
378 1999 484 2066 papae
508 1979 616 2063 Xysti,
648 1978 701 2060 qui
725 1997 809 2042 nunc
833 1977 1011 2043 Romanam
1047 1977 1216 2044 ecclesiam
1251 1979 1454 2046 venerandus

251 2084 410 2166 inlustrat,
447 2081 581 2148 alteram
614 2081 792 2146 decessoris
826 2081 876 2146 sui
907 2081 1023 2146 beatae
1048 2081 1221 2147 memoriae
1246 2103 1352 2167 papae
1376 2082 1454 2148 an-

252 2185 370 2267 lestini,
395 2205 489 2268 quam
514 2184 567 2249 hic
591 2202 717 2267 quoquc
747 2183 949 2267 interponere
982 2184 1197 2249 necessarium
1231 2183 1452 2252 iudicavimus.

153 2367 156 2374 ,
252 2315 264 2354 a
288 2287 344 2352 Ait
367 2287 478 2369 itaque
503 2290 634 2352 sanctus
658 2305 743 2370 papa
766 2285 891 2369 Xystus
915 2285 945 2349 in
971 2285 1138 2370 epistula¹,
1173 2306 1267 2369 quam
1291 2287 1332 2352 de
1357 2307 1455 2354 causa

251 2391 392 2459 Nestorii
416 2387 619 2454 Antiocheno
643 2387 730 2452 misit
754 2388 921 2472 episcopo:
955 2389 1058 2474 Erpo,
1094 2389 1208 2472 inquit,
1243 2391 1333 2475 quia,
1369 2393 1455 2457 aiom

252 2496 302 2560 uit
334 2493 517 2579 apostolus,
551 2492 635 2579 fidos
670 2513 740 2556 nau
777 2493 853 2572 esu,
891 2513 975 2576 quoe
1000 2499 1031 2556 ct
1065 2491 1278 2557 vincenter-1³³
1303 2495 1455 2576 obtinuit,

252 2596 396 2664 dicenda
429 2596 607 2661 credamus
631 2601 661 2658 el
697 2594 844 2659 tenenda
867 2594 1054 2659 dinumerat
1113 2593 1241 2672 aQuae
1265 2593 1361 2660 sunt‘1
1389 2603 1456 2661 tan·

253 2697 328 2765 dem
350 2697 406 2762 illa
430 2694 592 2763 credenda
615 2702 648 2760 et
670 2694 838 2760 dicenda?
886 2694 1059 2778 Sequitur0
1083 2702 1116 2761 et
1140 2695 1200 2762 ait:
1226 2698 1323 2763 Nihil
1350 2699 1456 2781 ultra,

178 2786 181 2794 ¹
252 2800 365 2884 inquit,
390 2800 490 2865 liccat
513 2799 666 2880 nouitati,
690 2799 771 2883 quin
793 2797 881 2863 nillil
905 2798 988 2863 addi
1011 2799 1164 2864 convenit
1179 2801 1358 2883 uetustati,·
1376 2822 1456 2886 per·

415 3009 604 3078 amartyrac
625 3003 674 3061 ΡΙ.
783 3004 799 3048 b
818 3006 861 3060 ita
880 3004 961 3059 ΡῙ-4
980 3011 1010 3060 et
1031 3006 1129 3061 codex
1151 3006 1326 3076 Vaticanus,
1345 3010 1376 3062 in
1395 3025 1456 3079 quo

414 3094 490 3147 haec
518 3092 648 3162 epistula
675 3091 763 3160 Xysti
792 3098 893 3145 exstat
922 3096 952 3146 et
981 3107 1019 3146 ex
1050 3106 1110 3160 quo
1131 3093 1260 3161 primum
1280 3109 1298 3146 a
1317 3092 1458 3159 Baronio,

416 3184 567 3250 postremo
596 3193 615 3232 a
643 3174 791 3231 Constant
820 3175 985 3246 (Epistulae
1014 3175 1101 3231 Rom.
1133 3186 1225 3247 pont..
1254 3177 1347 3233 Paris.
1380 3177 1457 3248 1121,

416 3263 471 3318 col.
492 3261 571 3326 1258)
592 3268 622 3317 et
634 3261 736 3332 Migne
749 3261 782 3315 P.
797 3260 902 3328 latio,
921 3261 974 3315 606
993 3261 1075 3316 edita
1095 3267 1155 3332 est3
1176 3261 1325 3318 Barouius
1338 3265 1458 3334 scripsit

416 3345 622 3413 altimontis,
642 3344 790 3402 Constant
819 3350 847 3400 et
866 3344 969 3416 Migne
997 3351 1080 3401 rocta
1108 3348 1135 3400 et
1163 3344 1324 3402 vincenter.
1361 3347 1401 3404 At
1426 3351 1457 3403 in

416 3433 555 3487 omnibus
583 3431 769 3488 editionibus
785 3429 944 3499 vincentii,
977 3432 1068 3486 etiam
1098 3433 1130 3485 in
1161 3433 1294 3487 editione
1323 3435 1459 3505 principe

416 3515 555 3573 Sichardi
583 3517 695 3586 legitur
723 3517 804 3584 (pror
824 3519 854 3570 et
872 3516 1041 3583 vincenter)
1057 3513 1234 3571 euidenter.
1362 3527 1376 3562 ο
1399 3533 1459 3573 cre·

416 3603 527 3658 ciamus
547 3616 568 3656 s.
670 3597 784 3670 dqouc
803 3601 877 3655 sunt
895 3605 929 3661 >
950 3615 973 3654 s·
1081 3609 1095 3643 θ
1105 3599 1309 3672 prosequitur
1331 3617 1353 3657 s.

362 3761 476 3819 ¹Haeo
495 3762 633 3834 epistula,
665 3776 744 3832 quac
774 3766 819 3818 est
838 3765 927 3816 sexta
954 3763 986 3815 in
1014 3762 1149 3832 epistulis
1169 3762 1257 3832 Xysti
1276 3762 1328 3817 111.
1348 3780 1458 3834 papae,

256 3851 329 3906 data
345 3856 393 3906 ast
412 3865 491 3904 anno
511 3849 564 3904 433
583 3849 623 3902 ad
636 3847 809 3904 iohannem
828 3846 1061 3914 Antiochenum,
1082 3853 1243 3917 postquam
1262 3849 1317 3916 hic,
1339 3851 1391 3919 qui
1404 3849 1459 3904 Ne·

257 3935 350 3991 sterio
371 3939 441 3990 ante
460 3934 595 3999 favebat,
614 3933 654 3987 ad
674 3947 780 4002 pacem
801 3946 870 3986 curn
889 3945 911 3985 s.
930 3929 1042 4000 Gyrillo
1063 3931 1152 3985 rediit
1171 3931 1284 4002 (Migne
1303 3933 1335 3986 Ρ.
1355 3933 1404 3988 lat.
1417 3934 1460 4004 to,

253 4019 328 4087 609).
453 4015 466 4054 ²
492 4018 566 4088 Eph.
585 4017 610 4084 4,
630 4015 654 4072 ὃ.
782 4013 1024 4085 ⁸Wenzlowslry
1053 4014 1166 4083 (Brieie
1194 4016 1248 4071 der
1274 4017 1385 4088 Pipste
1403 4018 1457 4085 111,

253 4104 407 4175 Kempten
436 4103 514 4172 1887,
542 4103 606 4172 570)
634 4103 739 4157 vertit:
768 4101 896 4157 welcher
925 4100 1003 4155 auch
1032 4101 1182 4171 siegreich
1216 4101 1265 4156 die
1294 4101 1457 4158 Oberlrand

255 4188 376 4246 bchielt.
