3324 4866
581 529 684 584 XXIII
704 530 872 585 16-xx1v
891 530 909 585 2
928 531 1063 599 (aa—33).
1392 532 1426 587 51

219 691 378 777 deinceps
400 691 570 776 impiorum
594 712 633 756 ac
658 691 797 777 turpium
821 707 971 758 errorum
986 693 1130 777 lupanar,
1155 695 1210 760 ubi
1236 701 1306 759 erat
1329 703 1428 762 antea

219 800 332 860 castae
356 801 388 859 et
412 795 618 878 incorruptae
650 794 826 860 sacrarium
859 796 1014 860 veritatis.
1064 795 1130 861 Sed
1163 803 1290 862 avertat
1322 797 1427 863 hoca

219 916 351 963 suorum
374 896 533 962 mentibus
556 896 651 962 nefas
675 896 786 962 divina
802 897 917 982 pietas,
942 898 1047 981 sitque
1065 898 1117 964 hic
1134 898 1242 983 potius
1258 900 1426 985 impiorum

221 999 321 1064 furor.

331 1102 400 1182 (32)
425 1126 449 1166 re
474 1100 591 1166 Christi
616 1121 692 1166 vero
716 1101 866 1184 ecelesia,
895 1102 1009 1168 sedula
1033 1110 1066 1167 et
1089 1109 1184 1170 cauta
1209 1103 1426 1189 depositorum

218 1203 311 1289 vvapud
334 1224 369 1270 se
392 1204 579 1288 dogmatum
603 1211 721 1287 custos,
746 1204 826 1271 nihil
850 1205 883 1269 in
907 1205 956 1270 his
980 1225 1129 1289 nmquam
1153 1213 1323 1292 permutat,
1347 1207 1427 1273 nihil

220 1306 346 1388 minuit,
370 1307 450 1370 nihil
474 1306 583 1388 addit,
607 1326 670 1371 non
695 1313 842 1391 amputat
857 1308 1050 1390 necessaria,
1075 1328 1138 1373 non
1163 1309 1298 1394 adponit
1321 1330 1428 1395 super·

223 1409 307 1490 flua3
332 1429 395 1473 non
419 1409 538 1473 amittit
562 1428 631 1492 sua,
655 1429 719 1475 non
742 1417 876 1495 usurpat
898 1410 1020 1492 aliena,
1044 1436 1069 1476 rr
1093 1410 1151 1478 sed
1168 1413 1254 1476 omni
1270 1411 1428 1479 industria

224 1510 286 1575 hoc
309 1531 405 1575 unum
430 1509 548 1586 studet,
578 1517 613 1575 ut
636 1515 747 1576 uetera
770 1510 914 1576 fideliter
937 1513 1163 1596 sapienterque
1187 1513 1367 1598 tractando,
1400 1516 1428 1581 si

206 1622 287 1696 'qua
310 1613 366 1678 illa
382 1620 476 1678 suntl
499 1612 676 1695 antiquitus
692 1613 866 1679 informata
883 1621 916 1679 et
931 1613 1093 1690 incohata,
1118 1624 1249 1681 accuret
1266 1624 1298 1682 et
1315 1617 1427 1702 poliat,

224 1716 251 1780 si
276 1736 340 1798 qua
362 1716 427 1780 iem
452 1734 606 1800 expressa
630 1722 663 1780 et
680 1715 859 1798 enucleata,
884 1715 1065 1782 consolidet
1089 1715 1144 1782 etb
1168 1716 1287 1800 firmet,
1312 1719 1339 1784 si
1363 1739 1427 1802 qua

222 1819 286 1882 ium
311 1818 502 1883 confirmata
522 1824 559 1883 et
582 1817 728 1900 definita,
753 1817 924 1884 custodiat.
970 1843 996 1883 re
1012 1817 1160 1901 Denique
1177 1818 1254 1901 quid
1278 1840 1429 1902 umquam

219 1919 312 1984 aliud
336 1911 544 1992 concihorum
568 1919 708 1985 decretis
731 1920 841 1986 enisac
865 1926 926 2002 est,
961 1920 1022 1986 nisi
1046 1926 1092 2004 ut,
1128 1919 1214 2003 quod
1238 1928 1334 1987 antea
1357 1923 1426 1987 sim·

221 2022 351 2107 pliciter
375 2022 576 2105 credebatur,
601 2022 661 2088 hoc
678 2021 765 2088 idern
780 2029 894 2108 postea
911 2022 1098 2107 diligentius
1114 2022 1315 2106 crederetur3
1341 2023 1427 2107 quod

220 2134 321 2191 antea
343 2126 460 2190 lentius
483 2124 742 2210 praedicabatur,
776 2124 837 2190 hoc
869 2125 955 2191 idem
978 2121 1116 2210 postead
1144 2126 1316 2191 instantius
1338 2147 1428 2212 prae·

220 2227 400 2310 discretum
442 2226 528 2311 quod
567 2233 663 2292 antea
698 2228 841 2294 securius
876 2228 1052 2310 colebatur,
1091 2227 1153 2294 hoc
1193 2227 1279 2294 idem
1314 2235 1428 2313 postea

223 2331 392 2399 sollicitius
409 2329 632 2396 excoleretur?
669 2356 694 2395 ro
709 2330 789 2415 Hoc,
811 2330 953 2416 inquam,
977 2349 1103 2415 semper
1123 2350 1227 2414 neque
1255 2331 1427 2415 quicquam

219 2441 402 2520 praeterea,
427 2433 658 2498 haereticorum
682 2433 880 2499 novitatibus
896 2431 1050 2510 excitata,
1076 2434 1283 2499 conciliorum
1299 2453 1428 2500 suorum

183 2571 185 2574 ·
222 2535 365 2603 decretis
389 2535 550 2601 catholica
573 2523 711 2620 perfecit
734 2535 884 2620 eeclesia,
908 2537 969 2602 nisi
993 2542 1039 2618 ut,
1064 2535 1150 2619 quod
1174 2536 1263 2621 prius
1286 2558 1306 2602 a
1329 2536 1428 2604 maio·

219 2641 311 2706 ribus
334 2639 403 2706 sola
426 2637 600 2705 traditione
622 2637 820 2724 susceperat,
857 2640 918 2706 hoe
946 2639 1065 2705 deinde
1088 2640 1226 2725 posteris
1250 2642 1347 2706 etiam
1371 2661 1429 2726 per

224 2744 402 2828 scripturae
426 2741 673 2827 chirographum
702 2743 918 2826 consignaret,
952 2760 1102 2826 magnam
1135 2763 1239 2809 rerum
1272 2765 1428 2812 summam

224 2846 336 2932 paucis
348 2846 464 2911 litteris
477 2843 788 2929 comprehendendo,
802 2856 835 2910 et
847 2844 1036 2929 plerumque
1048 2852 1178 2934 propter
1185 2845 1428 2930 intellegentiae

228 2949 331 3014 lucem
363 2969 427 3014 non
454 2968 571 3013 novum
598 2946 680 3012 fidei
705 2967 830 3013 sensum
854 2967 958 3013 novae
981 2946 1208 3032 adpellationis
1230 2949 1427 3034 proprietate

220 3051 395 3136 signando.

219 3299 347 3363 [XXIV.
403 3299 525 3364 Denuo
558 3298 752 3384 amplicator
784 3297 1011 3382 cuemplc'aqae
1043 3295 1249 3362 inlustratur
1283 3297 1428 3382 apostoli

643 3401 731 3465 illud
756 3403 774 3464 1
801 3400 881 3465 Tim.
899 3402 930 3480 6,
955 3401 1008 3464 20.

331 3554 400 3635 (33)
437 3552 502 3619 Sed
532 3552 575 3618 ad
606 3552 787 3637 apostolum
815 3551 997 3617 redeamus.
1044 3553 1071 3617 O
1101 3552 1277 3634 Timotheo,
1312 3551 1427 3634 inquit,

221 3658 413 3742 depositum
423 3657 562 3738 custodi,
580 3655 734 3720 devitum
737 3656 913 3740 profanae
923 3673 1040 3719 cocum
1050 3655 1242 3719 novitatem.
1267 3653 1427 3735 eDeuitu,

220 3761 338 3842 inquit,
362 3759 453 3841 quasi
478 3759 634 3842 viperam,
659 3756 751 3838 quasi
774 3757 986 3839 scorpionem,
1012 3757 1102 3837 quasi
1119 3755 1311 3838 basiliscum,
1336 3763 1427 3822 nete

384 3961 399 3990 ²
413 3953 484 4005 sont
502 3947 558 4004 itta
578 3949 606 4002 b.
715 3946 781 4009 b>
801 3943 936 4000 P1²³su
1045 3943 1168 4001 centua
1180 3943 1229 4001 Pl.
1302 3945 1422 4016 dqooot

385 4037 477 4089 antea
495 4032 607 4088 leutius
628 4071 634 4085 .
656 4069 662 4083 .
682 4069 689 4085 .
707 4033 814 4101 postea
833 4029 940 4094 >P1.

331 4193 343 4230 ¹
363 4195 437 4249 Tim.
457 4194 483 4263 6,
502 4193 545 4248 20.
