3324 4866
268 533 305 588 20
753 531 793 586 VI
811 530 938 586 ll-VII
956 531 981 586 3.

272 690 481 757 absolvuntur
496 690 653 773 magistri,
678 688 932 755 condemnantur
949 688 1109 774 discipuli,
1126 688 1360 772 conscriptores
1377 688 1475 753 libro-

271 813 341 858 rum
364 791 426 857 filii
449 793 541 876 regni
565 798 667 873 erunt,
692 790 874 858 adsertores
891 810 966 856 vero
983 789 1131 874 gehenna
1147 789 1309 874 suscipiet.
1346 816 1370 854 a
1387 790 1476 857 Nam

273 898 342 979 quis
366 894 420 960 ille
444 903 509 959 tarn
534 893 665 960 demens
689 899 748 976 est,
783 894 836 976 qui
860 893 939 959 illud
970 900 1152 959 sanctorum
1186 893 1324 958 omnium
1350 899 1382 958 et
1406 893 1471 977 epi·

270 1017 439 1082 scoporum
474 1002 506 1061 et
537 1001 714 1080 martyrum
753 996 869 1078 lumen,
906 995 1125 1061 beatissimum
1158 995 1365 1080 Cyprianum,
1399 1014 1474 1060 cum

271 1099 387 1167 ceteris
411 1097 553 1183 conlegis
577 1099 642 1165 suis
666 1101 697 1163 in
722 1105 887 1164 aeternum
911 1097 1037 1164 dubitet
1067 1105 1272 1182 regnaturum
1297 1118 1368 1164 asse
1399 1117 1472 1162 oum

270 1201 425 1268 Christo?
471 1202 539 1266 Aut
561 1203 632 1285 quis
665 1208 731 1266 tam
764 1206 896 1266 contra²
926 1200 1112 1284 sacrilegus,
1147 1201 1199 1283 qui
1225 1200 1413 1265 Donatistas
1438 1206 1471 1264 et

271 1310 395 1371 ceteras
427 1311 546 1389 pestes,
576 1323 659 1387 quae
693 1304 779 1369 illius
811 1305 1004 1370 auctoritate
1029 1300 1178 1370 conciliib
1210 1304 1411 1388 rebaptizare
1435 1323 1473 1369 sc

269 1407 452 1491 iactitant0,
476 1407 508 1471 in
532 1408 760 1492 sempiternum
783 1413 880 1490 neget
903 1426 1030 1474 arsuros
1053 1427 1124 1474 esse
1149 1426 1219 1472 curn
1244 1404 1397 1471 diabolo?

316 1657 388 1721 VII.
435 1657 609 1721 Haeretici
632 1677 732 1741 saepe
760 1662 908 1721 ueterum
932 1659 1067 1742 scriptis
1090 1658 1339 1723 obscurioribus
1359 1679 1427 1744 pro

337 1759 498 1824 doctrinis
520 1759 592 1824 suis
616 1761 810 1823 abutuntur.
859 1760 935 1823 Iam
958 1781 984 1824 s.
1010 1759 1142 1824 Paulus
1165 1761 1202 1824 iu
1225 1767 1403 1826 uooutores

543 1869 574 1926 et
596 1862 788 1927 seductores
814 1862 940 1927 acriter
963 1863 1113 1928 inuectus
1137 1869 1195 1927 est.

376 1996 468 2075 Quod
503 1997 630 2080 quidem
666 1997 742 2062 mihi
776 1997 930 2064 divinitus
965 1997 1093 2064 videtur
1126 1999 1363 2083 promulgatum
1399 2019 1474 2066 esse

268 2098 420 2164 iudicium
449 2107 580 2184 propter
612 2119 722 2164 eorum
754 2100 901 2165 manime¹
925 2099 1186 2182 fraudulentiam,
1220 2101 1274 2183 qui
1308 2121 1379 2166 cum
1410 2102 1474 2167 suh

269 2200 375 2267 alieno
398 2203 526 2267 nomine
543 2201 700 2268 haeresim
718 2204 909 2268 concinnare
925 2203 1157 2286 machinentur,
1183 2210 1316 2288 captant
1332 2203 1470 2288 plerum·

269 2324 332 2387 que
355 2305 472 2369 veteris
497 2305 673 2389 cuiuspiam
705 2305 766 2370 viri
789 2306 911 2391 scripta
933 2305 1029 2391 paulo
1054 2306 1227 2371 involutius
1251 2304 1350 2389 edita,
1387 2327 1476 2389 quae·

267 2427 325 2491 pro
348 2407 420 2491 ipsa
443 2407 492 2472 sui
515 2407 711 2472 obscuritate
739 2407 883 2492 dogmati
908 2428 964 2474 suo
990 2409 1080 2491 quasi
1110 2415 1298 2492 congruant,
1331 2416 1366 2474 ut
1390 2409 1474 2474 illud.

267 2509 376 2575 neseio
409 2509 496 2592 quid,
534 2509 756 2592 quodcumque
791 2511 967 2596 proferunt,
1006 2531 1110 2594 neque
1143 2511 1237 2596 primi
1273 2532 1376 2595 neque
1409 2513 1468 2579 soli

268 2613 386 2678 sentire
409 2610 590 2677 videantur.
636 2612 805 2690 aQuorum
831 2633 891 2698 ego
915 2615 1090 2697 nequitiam
1108 2613 1230 2699 duplici
1247 2614 1321 2680 odio
1338 2615 1472 2699 dignam

267 2715 386 2796 iudico,
422 2715 474 2779 vel
507 2734 545 2780 eo
576 2715 662 2798 quod
699 2716 869 2783 haereseos
902 2737 1058 2782 venenum
1092 2718 1263 2803 propinare
1299 2718 1371 2784 aliis
1406 2739 1469 2784 non

268 2813 514 2900 extimescuntd,
539 2817 591 2882 vel
615 2838 653 2884 eo
677 2819 784 2898 etiam,
809 2819 895 2902 quod
918 2821 1021 2885 sancti
1038 2821 1190 2902 cuiusque
1208 2821 1267 2884 viri
1284 2823 1468 2887 memoriam

267 2926 432 3001 tamquam
455 2921 578 3004 sopitos
601 2921 664 2985 iarn
689 2921 813 2988 cineres
838 2922 973 3006 profana
997 2941 1093 2987 manu
1123 2923 1291 3005 ventilant,
1325 2930 1357 2990 et
1386 2943 1469 3008 quae

268 3022 394 3088 silentio
411 3023 539 3107 sepeliri
555 3025 737 3108 oportebat,
761 3023 906 3090 rediviva
922 3024 1073 3108 opinione
1089 3023 1274 3107 diffamant,
1298 3033 1470 3110 sequentes

271 3125 397 3189 omnino
414 3124 552 3207 vestigia
576 3125 716 3192 auctoris
740 3125 790 3191 sui
807 3124 919 3208 Oham,
944 3125 997 3208 qui
1014 3124 1193 3192 nuditatem
1210 3128 1385 3194 venerandi
1397 3129 1473 3204 Noti

267 3246 331 3290 non
354 3225 449 3291 modo
474 3228 600 3312 operire
624 3228 778 3312 neglexit,
815 3247 925 3293 verum
960 3246 1087 3310 quoque
1119 3229 1322 3296 inridendum
1352 3233 1476 3298 ceteris

268 3329 467 3394 enuntiavit
505 3328 634 3395 sUnde
658 3334 779 3394 tantam
805 3330 912 3396 laesae
935 3331 1067 3414 pietatis
1090 3334 1205 3398 meruit
1230 3334 1399 3413 offensam,
1433 3341 1468 3395 ut

267 3430 380 3496 etiarn,
397 3432 516 3516 posteri
539 3431 640 3516 ipsius
668 3432 794 3516 peccati
818 3433 866 3498 sui
890 3430 1071 3498 maledictis
1102 3435 1332 3520 obligarentur,
1365 3435 1472 3501 beatis

267 3533 331 3598 illis
354 3533 507 3599 fratribus
528 3534 683 3598 multume
706 3534 865 3617 longeque
881 3533 1071 3619 dissimilisf,
1096 3537 1149 3619 qui
1165 3536 1345 3602 nuditatem
1362 3539 1466 3622 ipsam

267 3634 435 3700 reverendi
459 3637 561 3720 patris
583 3655 687 3718 neque
710 3636 776 3701 suis
800 3644 957 3702 temerare
973 3637 1074 3704 oculis
1090 3659 1193 3722 neque
1217 3639 1331 3704 alienis
1354 3648 1466 3724 patere

266 3737 443 3820 voluerunt,
473 3736 531 3802 sed
555 3739 669 3820 aversi,
702 3747 738 3803 ut
761 3739 921 3821 scribitur,
946 3746 1093 3804 texerunt
1117 3760 1198 3824 eum,
1231 3741 1385 3824 -quod
1419 3749 1467 3808 est

266 3846 405 3904 erratum
440 3841 544 3906 sancti
579 3841 636 3904 viri
670 3859 730 3905 nec
763 3840 959 3925 adprobassc
992 3863 1051 3908 nec
1084 3842 1264 3927 prodidisse
1295 3881 1339 3890 -
1369 3852 1466 3928 atque

426 4026 506 4079 sita
534 4023 578 4080 P²
608 4027 662 4095 sbi,
684 4033 720 4089 >
740 4025 822 4082 Plfi.
952 4029 969 4072 b
1001 4028 1132 4085 coasilia
1154 4030 1203 4095 Pl,
1234 4030 1356 4088 consilii
1378 4029 1474 4088 1³2³.-

426 4118 440 4152 0
467 4113 497 4173 -i
522 4114 549 4165 et
577 4109 626 4166 1³4.
718 4109 733 4154 d
762 4115 806 4168 ita
834 4112 922 4182 ΡΗ,
947 4112 1168 4184 pertimescunt
1194 4117 1248 4170 sbi.
1359 4124 1421 4181 ⁰>
1443 4133 1473 4172 s„

385 4197 387 4201 ’
425 4189 660 4250 ‘dissimilibus
679 4211 701 4250 s.
794 4225 796 4230 .
