3324 4866
266 454 299 507 18
760 451 800 507 VI
820 451 890 506 2-6
909 451 956 518 (9).

265 619 448 678 conteratur
480 611 628 677 audacia.
687 612 734 692 (9)
763 612 910 694 rNeque
939 611 999 677 hoc
1027 629 1103 676 sane
1133 629 1265 691 norum3
1304 609 1473 692 siquidem

264 735 333 780 mos
356 715 416 780 iate
439 734 566 800 semper
588 715 622 778 in
646 713 784 780 ecclesia
808 714 923 798 viguit,
946 719 991 794 ut,
1023 730 1086 795 qno
1110 713 1244 795 quisque
1266 712 1371 778 foret³
1395 714 1474 778 reli-

265 818 396 900 giosior,
420 836 459 882 eo
482 818 661 903 promptius
684 817 818 882 novellis
841 815 1121 882 adinventionibus
1145 817 1326 881 contrairet.

371 945 384 986 a
407 920 574 1004 Exemplis
597 919 715 985 talibus
738 919 834 1005 plena
857 925 930 984 aunt
947 918 1063 983 omnia.
1102 916 1168 983 Sed
1184 938 1225 984 ne
1242 918 1371 1003 longum
1393 920 1471 1001 fiat,

265 1042 361 1087 unum
385 1020 516 1104 aliquod
540 1028 572 1087 et
596 1021 657 1087 hoo
681 1022 722 1087 ab
746 1021 926 1107 apostolica
950 1021 1147 1107 potissimum
1173 1020 1270 1087 sede1
1294 1041 1470 1105 sumemus,

265 1131 300 1191 ut
335 1144 444 1190 ornnes
479 1123 549 1188 luce
583 1123 700 1189 clarius
734 1122 878 1206 videant,
918 1125 1084 1189 beatorum
1119 1124 1334 1208 apostolorum
1368 1125 1471 1190 beata

263 1227 425 1294 successio
449 1234 569 1310 quanta
593 1228 626 1292 vi
648 1246 783 1312 semper,
808 1234 927 1310 quanto
950 1226 1068 1309 studio,
1097 1234 1217 1310 quanta
1239 1225 1470 1293 contentioneb

266 1329 449 1396 defenderit
472 1337 643 1415 susceptae
667 1331 765 1396 semel
790 1330 954 1414 religionis
982 1331 1210 1414 integritatem.
1257 1356 1270 1394 4
1294 1330 1469 1409 Quondam

265 1433 363 1516 igitur
379 1433 572 1500 venerabilis
588 1433 760 1498 memoriae
773 1433 972 1518 Agrippinas
985 1432 1259 1516 Carthaginiensis
1274 1433 1467 1519 episcopus2

265 1534 387 1620 primus
411 1536 549 1599 omniurn
578 1534 758 1599 mortalium
787 1541 899 1600 contra
932 1533 1095 1599 divinum⁰
1131 1537 1316 1617 canoneml,
1353 1542 1468 1601 contra

264 1637 453 1703 universalis
477 1637 632 1702 ecclesiae
656 1637 810 1721 regulam,
838 1633 956 1702 'contra
983 1657 1110 1703 sensum
1135 1638 1273 1702 omnium
1298 1658 1468 1704 consacer-

265 1737 385 1822 dotum,
417 1747 528 1805 contra
556 1759 675 1805 morem
703 1745 800 1822 atque
834 1741 980 1805 instituta
1013 1741 1166 1806 maiorum
1201 1740 1467 1825 rebaptizandum

265 1860 336 1907 esse
360 1843 522 1908 censebat.
569 1841 659 1919 Quae
682 1844 900 1926 praesumptio
925 1849 1048 1907 tantum
1072 1844 1147 1907 mali
1175 1843 1307 1925 invexit,
1342 1850 1467 1909 utnon

264 1945 365 2010 solum
389 1945 560 2010 haereticis
576 1944 722 2010 omnibus
737 1944 872 2009 formam
890 1944 1062 2027 sacrilegii,
1087 1944 1144 2011 sed
1161 1946 1258 2011 etiam
1275 1944 1468 2028 quibusdam

266 2046 433 2113 catholicis
456 2048 658 2112 occasionem
682 2047 865 2131 praebuerit
889 2048 1032 2112 erroris4.
1081 2073 1093 2112 a
1118 2047 1196 2114 Cum
1222 2068 1299 2132 ergo
1324 2047 1466 2132 undique

264 2148 307 2213 ad
331 2148 506 2214 novitatem
532 2149 578 2213 rei
602 2149 707 2213 cuncti
725 2149 945 2229 reclamarent,
970 2157 1067 2230 atque
1084 2169 1193 2214 omnes
1209 2170 1467 2233 quaquaversum

263 2249 449 2318 sacerdotes
483 2271 541 2336 pro
574 2270 631 2315 suo
667 2252 800 2332 quisque
835 2249 941 2314 studio
976 2251 1199 2333 reniterentur,
1238 2259 1315 2317 tunc
1350 2254 1467 2318 beatae

263 2355 436 2420 memoriae
453 2375 539 2438 papa
555 2352 750 2438 Stephanus,
774 2352 972 2437 apostolicae
988 2352 1075 2418 sedis
1091 2355 1235 2437 antistes,
1261 2375 1332 2420 curn
1349 2345 1467 2421 ceteris

265 2457 394 2540 quidem
419 2457 561 2539 conlegis
585 2457 660 2538 suis,
696 2455 754 2522 sed
783 2463 890 2520 tamen
918 2475 996 2540 prae
1021 2458 1136 2522 ceteris
1159 2458 1287 2539 restitit,
1322 2456 1465 2542 dignum,

263 2566 298 2624 ut
323 2561 445 2644 opinor,
470 2558 667 2640 existimans,
691 2558 718 2623 si
743 2558 881 2641 reliquos
905 2579 1015 2624 omnes
1038 2565 1161 2623 tanturn
1186 2558 1267 2624 fidei
1291 2559 1464 2625 devotione

263 2658 441 2741 vinceretl,
478 2668 631 2744 quantum
659 2661 721 2726 loci
756 2661 949 2726 auctoritate
984 2662 1166 2746 superabat.
1213 2663 1397 2745 aDenique
1432 2664 1466 2728 in

266 2766 414 2850 epistula,
444 2784 526 2848 quae
550 2772 625 2828 tunc
649 2763 691 2828 ad
715 2764 858 2829 Africam
887 2766 984 2830 missa
1017 2773 1096 2846 esta,
1130 2765 1180 2830 his
1211 2766 1317 2831 verbis
1340 2768 1464 2832 sanxit:

264 2869 350 2933 nibil
373 2870 576 2950 novandam,
601 2869 668 2932 cisi
692 2869 780 2952 qaod
803 2869 968 2932 traditam
993 2869 1068 2933 aare
1108 2868 1323 2954 Intellegebat
1347 2869 1465 2934 etenim

426 3046 440 3076 θ
462 3037 583 3106 floreret
602 3053 624 3092 s.
732 3037 748 3080 b
777 3037 853 3092 Inde
882 3039 920 3091 ab
950 3039 1008 3092 hoc
1032 3039 1183 3093 vocabulo
1203 3039 1309 3107 incipit
1329 3038 1394 3092 cod.
1414 3036 1463 3092 Pl.

425 3119 820 3189 citaP1-4o,dioamsi.
895 3120 1059 3177 dotaciret
1078 3121 1125 3176 P2.
1204 3127 1265 3188 θ-Ι-
1287 3125 1315 3176 et
1334 3139 1356 3176 s.

371 3271 545 3330 lRomana.
585 3273 758 3328 Secundum
788 3274 1009 3328 Tertullianum
1038 3275 1097 3341 (De
1126 3291 1256 3344 praescr.
1284 3275 1330 3342 20)
1360 3289 1465 3330 omnes

264 3359 410 3415 eeclesiae
429 3359 544 3428 primae
564 3365 594 3413 et
613 3361 796 3428 apostolieae
815 3362 894 3427 sunt,
915 3375 994 3428 quae
1014 3376 1082 3415 cum
1102 3361 1236 3414 ecclesiis
1256 3362 1295 3414 ab
1320 3359 1465 3430 apostolis

264 3445 399 3499 fundatis
419 3446 650 3498 communicant.
758 3442 977 3514 2Agrippinus
996 3445 1027 3498 in
1049 3447 1176 3500 concilio
1196 3445 1409 3500 Africanorum
1435 3448 1465 3498 et

263 3528 463 3583 Numidarum
484 3529 563 3582 circa
583 3543 696 3581 anuum
716 3527 769 3582 220
787 3527 1004 3596 Carthaginem
1024 3535 1129 3584 coacto
1150 3529 1370 3584 haereticorum
1390 3529 1464 3596 bap·

263 3614 384 3667 tismata
397 3629 457 3667 non
474 3613 702 3680 valerc'sanxitr
724 3615 776 3668 afr.
797 3611 895 3683 Cypr.‚
907 3614 959 3682 Ep.
977 3614 1021 3682 71,
1039 3614 1057 3667 4
1071 3620 1100 3669 et
1113 3614 1156 3681 73,
1167 3614 1192 3668 3.
1230 3612 1313 3667 Idem
1328 3615 1464 3684 episcopi

262 3695 354 3752 Asiae
373 3699 405 3752 in
425 3698 547 3767 synodis
566 3697 662 3751 Iconii
681 3702 711 3752 et
731 3697 896 3766 Synnadae
917 3700 997 3752 cirea
1017 3713 1130 3752 annum
1150 3698 1203 3752 230
1223 3698 1332 3752 habitis
1352 3703 1463 3752 statue·

263 3788 343 3849 runt,
363 3788 396 3836 ut
415 3787 565 3837 testantur
584 3798 606 3836 s.
627 3782 792 3852 Dionysius
822 3798 866 3852 ep.
896 3783 1122 3837 Alexandrinus
1151 3784 1244 3853 (apud
1274 3784 1352 3850 Eua,
1380 3782 1416 3836 Η.
1437 3797 1464 3838 e.

263 3865 320 3922 VII
330 3868 358 3937 Ἰ)
378 3873 407 3922 et
422 3867 614 3924 Firmilianus
630 3870 790 3937 episcopus
806 3867 916 3938 (Cypr,
936 3868 989 3938 Ep.
1003 3868 1047 3934 lb,
1065 3869 1102 3936 l).
1183 3865 1196 3904 ⁸
1219 3875 1326 3923 eontra
1345 3885 1463 3926 sacram

262 3953 452 4020 scripturam.
560 3951 572 3987 ⁴
600 3952 634 4005 In
653 3950 757 4006 Africa
781 3955 811 4007 et
831 3951 903 4006 Asia
927 3955 1043 4007 minore
1062 3954 1273 4022 rebaptizandi
1292 3955 1462 4010 haereticos

263 4036 451 4091 consuetudo
472 4038 606 4108 vigebat.
706 4034 798 4091 ⁵lsta
818 4039 955 4106 epistula,
975 4053 1055 4091 anno
1075 4037 1128 4093 256
1152 4039 1272 4107 scripta,
1297 4039 1463 4109 intercidit3

262 4121 294 4174 in
314 4136 351 4175 ea
369 4127 471 4176 tamen
489 4123 566 4177 haee
585 4124 680 4177 verba
704 4122 896 4192 legebantur,
924 4128 959 4177 ut
987 4128 1133 4177 memorat
1162 4139 1183 4178 s.
1204 4121 1375 4193 Cyprianus
1395 4125 1462 4196 (Ep.
