3324 4866
681 500 808 556 xxvru
829 501 943 555 10-14.
1036 569 1047 585 ἱ
1378 502 1412 557 er

17 309 23 420 l

204 661 323 745 posuit
357 661 439 725 deus
470 660 507 724 iu
540 660 678 725 ecclesia
704 661 859 745 primum
891 660 1071 744 apostolos,
1104 695 1148 705 —
1184 678 1315 742 quorum
1345 660 1416 744 ipse

211 781 291 827 unus
315 768 385 827 erat
409 799 447 810 ·-
474 763 619 828 secundo
637 762 835 846 propbetas,
860 798 903 808 -
928 762 1054 844 qualem
1077 762 1111 826 iu
1127 760 1264 827 Actibus
1287 768 1414 846 aposto·

210 865 312 930 lorum
336 864 473 947 legimus
496 864 644 948 Agabum
668 900 712 910 -
736 866 835 929 tertio
865 865 1016 930 doctores
1024 865 1045 947 ¹,
1076 865 1198 946 -qui
1222 869 1417 931 tractatores

210 986 294 1031 nune
317 965 532 1051 adpellantur‚
557 985 636 1048 quos
660 965 713 1030 hic
728 966 814 1031 idem
832 966 997 1050 apostolus
1013 966 1111 1032 etiam
1127 966 1303 1051 prophetas
1319 967 1414 1032 inter-

211 1067 287 1132 dum
310 1076 485 1154 nuncupat,
518 1088 557 1134 eo
582 1067 667 1150 quod
691 1088 749 1153 per
778 1088 833 1133 eos
856 1067 1085 1153 prophetarum
1109 1067 1264 1154 mysteria
1287 1067 1417 1153 populis

211 1172 406 1255 aperiantur.
454 1172 569 1236 1oH0s
593 1191 671 1254 ergo
695 1170 728 1236 in
753 1171 892 1236 ecclesia
916 1170 968 1235 dei
993 1169 1146 1236 divinitus
1178 1190 1236 1256 per
1268 1175 1414 1255 tempora

212 1280 244 1340 et
267 1275 339 1339 loca
363 1274 567 1359 dispensatos
591 1273 745 1357 quisquis,
778 1275 811 1338 in
835 1293 930 1339 sensu
955 1272 1109 1338 catholici
1133 1272 1295 1357 dogmatis
1318 1293 1415 1338 unum

212 1376 332 1458 aliquid
357 1377 390 1440 in
414 1375 540 1441 Christo
564 1377 750 1458 sentientes,
776 1376 1036 1460 contempserit²,
1064 1397 1127 1441 non
1156 1375 1316 1441 hominem
1341 1393 1414 1440 con·

148 1525 151 1532 -
211 1479 325 1543 temnit
339 1478 397 1544 sed
415 1478 529 1560 deum,
553 1499 573 1543 a
590 1498 722 1561 quorum
738 1477 884 1544 veridica
907 1475 1054 1543 unitateb
1071 1497 1111 1542 ne
1128 1479 1219 1561 quisc
1242 1476 1415 1562 discrepet,

211 1581 386 1665 impensius
402 1581 582 1645 obtestatur
604 1579 691 1644 idem
715 1580 881 1664 apostolus
906 1579 1033 1645 dicens:
1057 1579 1200 1645 Obsecro
1217 1586 1330 1645 cutem
1345 1598 1414 1660 coe,

208 1685 349 1769 fratrer,
384 1690 421 1747 ut
445 1677 509 1748 idd
537 1683 649 1766 ipsum
681 1682 803 1748 dicatis
826 1703 949 1763 omnes,
985 1688 1017 1746 et
1049 1702 1116 1746 coo
1150 1683 1219 1746 siut
1252 1682 1289 1745 iu
1323 1681 1417 1745 oobie

212 1785 402 1865 schismata,
437 1784 512 1849 sitis
546 1790 659 1849 autem
681 1784 830 1869 perfecti
857 1785 894 1849 iu
922 1784 1037 1848 eodem
1060 1803 1160 1848 ceusu
1184 1790 1215 1848 ot
1238 1784 1275 1847 c'u
1299 1783 1415 1848 eudem

211 1888 406 1953 sententiat
465 1912 489 1949 11
514 1884 636 1970 Quodsi
669 1886 740 1968 quis
776 1885 817 1951 ab
841 1905 950 1950 eorum
982 1885 1161 1950 sententiae
1194 1884 1416 1950 communione

212 1990 394 2071 desciverit,
418 1987 529 2054 audiet
551 1987 630 2052 illud
656 1987 797 2053 eiusdem
823 1987 979 2072 apostoli:
1025 1989 1104 2052 Nou
1128 1994 1176 2052 eat
1192 1988 1275 2053 deca
1290 1987 1415 2052 ducea-

211 2092 317 2158 ac'ouc'a
340 2093 399 2156 ced
415 2092 516 2176 pacis
538 2127 582 2137 —-
605 2088 641 2155 id
664 2097 728 2157 est:
753 2110 816 2155 non
840 2091 918 2167 eius,
943 2090 996 2173 qui
1013 2111 1033 2154 a
1049 2088 1271 2155 consentiendi
1290 2088 1414 2154 unitate

212 2192 379 2270 defecerit,
404 2193 461 2260 sed
485 2213 605 2274 eorum,
630 2193 740 2275 quiin
765 2191 985 2258 consentiendi
1008 2211 1090 2276 pace
1114 2191 1347 2276 permanserint
1370 2226 1415 2237 -

212 2298 297 2362 sicut
320 2298 356 2362 io
380 2297 542 2378 omuibus,
575 2297 689 2378 inquit,
723 2297 870 2361 ecclesiis
900 2302 1095 2360 coactorum
1123 2295 1254 2377 dooeo³,
1287 2293 1320 2358 id
1346 2301 1414 2359 est:

214 2398 451 2480 catholicorum,
477 2418 560 2480 quae
584 2397 658 2463 ideo
682 2403 815 2463 sanctae
840 2403 921 2479 sunt,
947 2397 1022 2479 quia
1045 2398 1078 2461 in
1099 2395 1178 2460 lidei
1195 2395 1417 2461 communione

213 2502 396 2586 persistunt.
444 2527 469 2565 ιε
493 2501 536 2565 Et
559 2520 599 2564 ne
623 2500 694 2582 quis
718 2499 853 2565 forsitan
877 2498 1112 2584 praetermissis
1129 2499 1245 2564 ceteris
1261 2517 1297 2564 se
1312 2498 1414 2563 solum

214 2603 326 2686 audiri,
360 2605 421 2670 sibi
449 2604 509 2668 soli
533 2600 621 2669 credi
646 2602 828 2685 adrogaret,
862 2601 958 2686 paulo
982 2606 1055 2686 post
1079 2601 1139 2666 aits
1186 2599 1242 2666 Au
1266 2623 1288 2665 o
1311 2601 1414 2680 cobis,

213 2707 325 2790 inquit,
360 2709 497 2772 corbum
521 2707 575 2771 dei
592 2706 769 2790 processit,
806 2712 866 2769 aut
900 2706 937 2770 io
966 2704 1136 2769 cereolos
1161 2704 1314 2769 deuenit?
1372 2702 1415 2766 ut

213 2829 253 2873 ne
277 2808 338 2873 hoc
362 2810 453 2892 quasi
477 2808 694 2892 perfunctorie
717 2807 927 2890 acciperetur,
952 2804 1088 2870 adiecit:
1120 2806 1160 2872 Si
1182 2807 1267 2891 quie,
1300 2805 1416 2887 inquit,

212 2912 346 2977 videtur
363 2912 533 2997 propbeta
557 2932 627 2976 esee
651 2917 710 2976 out
744 2909 926 2994 spiritalis,
962 2916 1148 2994 copuoacct,
1182 2929 1268 2993 quac
1302 2908 1412 2972 scribo

214 3016 314 3089 vobis,
339 3015 440 3098 quiu⁰
464 3014 593 3078 domiui
616 3017 695 3077 suut
717 3012 893 3076 mandute.
951 3035 977 3076 m
1001 3008 1091 3087 Quae
1114 3010 1225 3092 utique
1248 3008 1414 3090 mandata,

213 3117 274 3182 nisi
297 3122 341 3198 ut,
367 3117 393 3181 si
410 3115 481 3199 quis
498 3122 547 3181 est
564 3115 736 3201 propbeta
759 3122 820 3180 out
835 3113 1005 3199 spiritalis
1026 3149 1062 3158 -
1081 3110 1114 3175 id
1133 3117 1199 3177 est:
1223 3110 1415 3196 spiritalium

213 3241 317 3285 rerum
341 3221 494 3302 magister
517 3257 561 3266 —
585 3240 706 3285 summo
730 3217 837 3284 studio
861 3215 1066 3298 aequalitatis
1093 3221 1127 3280 et
1156 3214 1289 3281 unitatis
1312 3212 1417 3278 cultor

214 3324 360 3404 exsistat,
384 3330 419 3386 ut
443 3321 567 3386 scilicet
591 3340 695 3403 neque
719 3321 885 3405 opiniones
908 3338 984 3384 suas
1008 3317 1125 3382 ceteris
1141 3316 1307 3402 praeierat
1323 3321 1356 3380 et
1372 3314 1414 3379 ab

213 3425 433 3490 universorum
456 3424 601 3490 sensibus
624 3445 688 3488 nou
712 3421 867 3488 recedat?
915 3447 940 3485 ιι
964 3419 1062 3486 Cuius
1090 3421 1137 3484 rei
1167 3419 1333 3484 meudula
1357 3418 1417 3502 qui

213 3531 357 3615 ipuorot,
387 3525 502 3609 inquit,
525 3527 767 3612 ipuorobitur⁴,
791 3524 905 3590 idest:
931 3519 1005 3607 quif
1025 3532 1081 3587 aut
1097 3522 1222 3587 nescita
1238 3539 1302 3585 non
1318 3519 1415 3585 discit

213 3638 269 3697 aut
292 3631 375 3696 scita
399 3629 582 3712 contemnit,
607 3629 829 3714 ipaorabitur,
865 3627 928 3692 hoc
951 3632 1014 3691 est:
1047 3624 1199 3708 indignus
1233 3622 1414 3704 habebitur,

374 3828 389 3859 ὓ
412 3815 594 3887 contempsit
612 3812 662 3870 P4.
789 3813 805 3855 b
824 3811 1023 3868 universitate
1046 3808 1095 3864 P4.
1222 3806 1307 3879 oqui
1325 3804 1413 3861 P¹·rl.

374 3899 509 3966 d>r³⁴.
612 3896 788 3970 eqooatam
808 3895 856 3952 1³⁴.
967 3892 1101 3958 f>P1.

320 4072 570 4141 1100r.12‚ns.
643 4067 775 4125 ²lCor.
796 4070 820 4137 1,
841 4069 883 4123 10.
954 4065 1087 4122 tueor.
1108 4064 1151 4132 14,
1170 4065 1213 4119 33.
1285 4061 1416 4118 ⁴1-Cor.

213 4161 257 4228 14,
276 4160 391 4214 36-38.
