3324 4866
263 509 300 562 62
728 505 856 561 XXVIII
878 505 990 560 15-16.

262 665 318 747 qui
343 665 426 730 inter
448 665 555 730 unitos
586 663 655 730 fide
690 670 722 729 et
760 672 957 746 exaequatos
981 663 1160 732 humilitate
1185 663 1339 728 divinitus
1368 662 1467 748 respi-

263 767 378 849 ciatur,
412 787 475 851 quc
498 767 582 832 malo
605 766 715 832 nescio
738 786 778 831 an
811 768 980 849 quicquam
1005 767 1152 831 acerbius
1177 766 1334 848 cogitaria
1358 773 1466 847 queat.

266 895 290 934 u>
314 868 408 948 Quod
432 877 539 935 tamen
562 871 652 934 iuxta
676 863 886 954 apostolicam
911 869 1189 934 commiuationem
1213 867 1389 951 Pelagiano
1418 868 1465 932 illi

265 974 451 1057 provenisse
475 974 633 1038 ccrnImus
657 973 819 1054 Julian01,
846 973 898 1054 qui
923 992 957 1037 se
982 973 1186 1055 conlegarum
1210 972 1316 1037 sensui
1340 978 1395 1036 aut
1418 973 1464 1035 in·

263 1095 436 1160 corporare
460 1075 604 1158 neglexit
627 1081 682 1164 aut
706 1093 920 1159 excorporare
944 1075 1171 1158 praesumpsit.

373 1203 397 1242 ιε
422 1176 487 1243 Sed
500 1179 563 1243 iam
576 1185 703 1262 tempus
716 1186 774 1255 est,
799 1184 834 1240 ut
850 1177 1027 1261 pollicitum
1041 1177 1241 1261 proferamus
1255 1176 1435 1259 exemplum
1445 1179 1468 1256 θ,

263 1281 318 1344 ubi
344 1287 377 1368 et
400 1280 558 1362 quomodo
582 1286 766 1346 sanctorum
789 1285 916 1363 patrum
940 1279 1120 1344 sententiae
1144 1287 1362 1363 congregatae
1394 1279 1468 1360 sint,

265 1389 300 1446 ut
323 1381 500 1448 secundum
536 1402 591 1448 eas
626 1402 668 1448 ex
703 1382 833 1447 decreto
868 1388 966 1464 atque
999 1382 1190 1446 auctoritate
1215 1380 1342 1446 concilii
1368 1381 1469 1446 ecole-

262 1480 418 1549 siasticae
441 1483 522 1549 fidei
547 1484 659 1567 regula
682 1483 849 1566 figeretur.
896 1481 989 1560 Quod
1012 1501 1075 1565 quo
1100 1480 1298 1547 commodius
1318 1481 1390 1558 fiat,
1415 1481 1469 1548 hic

263 1586 307 1650 sit
331 1587 394 1651 iarn
427 1586 521 1652 buius
554 1586 787 1651 commonitorii
821 1584 945 1668 modus,
978 1592 1013 1649 ut
1042 1593 1161 1667 cetera,
1192 1604 1274 1666 quae
1307 1592 1468 1667 secuntur,

262 1688 307 1753 ab
332 1688 396 1753 alio
422 1707 584 1755 sumamus
608 1685 753 1753 exordio.

471 1843 678 1909 Saccumum
713 1856 1029 1908 conuournoarun
1063 1856 1325 1908 musanacsum
1364 1843 1468 1923 esula

376 1961 502 2024 unqua
537 1962 587 2012 rex
617 1961 665 2012 so
699 1961 860 2012 surmus
897 1960 1091 2022 QUICQUAM
1133 1959 1238 2022 quau
1273 1960 1470 2011 rossanum

373 2064 584 2116 aramenus
606 2063 807 2131 samaram,
849 2064 888 2114 1n
912 2063 989 2131 usn,
1029 2063 1123 2114 sons
1160 2062 1467 2130 ancnrrrunnrrq

374 2167 473 2229 curra
496 2167 543 2218 nr
567 2166 747 2219 ausinora
769 2154 869 2216 nsua

428 2351 443 2382 ⁸
459 2339 595 2412 cogitare
614 2338 665 2395 ΡΒ.
738 2339 754 2381 b
773 2347 809 2404 >
828 2339 877 2395 P4.

372 2464 383 2501 ¹
404 2465 547 2521 Julianus
567 2467 727 2537 episcopus
746 2466 861 2534 Eclani,
880 2481 960 2535 quae
979 2467 1052 2522 urbs
1076 2471 1143 2520 erat
1161 2467 1193 2520 in
1212 2464 1332 2536 Apulia,
1360 2467 1465 2520 litteris

262 2551 387 2619 graccis
414 2551 577 2619 latinisque
605 2543 743 2620 adprime
773 2551 888 2617 doctus,
917 2566 1024 2604 verum
1053 2551 1144 2605 etiam
1173 2551 1212 2604 ad
1232 2551 1329 2604 rixam
1350 2545 1469 2620 semper

266 2629 400 2704 paratus,
429 2625 578 2689 haeresim
608 2637 815 2705 propugnavit
843 2635 1042 2704 Pelagianam
1071 2640 1177 2689 contra
1205 2650 1226 2688 s.
1251 2633 1467 2703 Augustinum,

266 2719 319 2788 qui
339 2719 367 2772 ei
388 2723 417 2773 ct
437 2718 522 2772 libris
541 2734 595 2774 sex
615 2717 729 2773 Contra
747 2718 904 2774 Julianum
925 2726 955 2774 et
974 2719 1073 2790 Opere
1100 2720 1279 2789 imperfecto
1304 2719 1468 2789 respoudit.

266 2803 312 2858 Ex
339 2803 385 2856 his
415 2802 543 2872 aliisque
571 2819 593 2857 s.
614 2802 780 2874 Augustini
808 2805 927 2874 sculptis
955 2805 1041 2858 Libri
1071 2803 1111 2857 IV
1139 2803 1179 2857 ad
1208 2803 1411 2858 Turbantium
1440 2811 1469 2859 et

263 2888 351 2942 Libri
371 2886 442 2942 VIII
472 2887 511 2940 ad
530 2887 660 2955 Florum,
693 2903 773 2957 quae
798 2890 923 2942 luerunt
942 2887 1058 2943 Juliaui
1085 2889 1197 2958 scripta
1221 2888 1470 2953 luculentissima,

266 2974 400 3026 maxima
419 2987 458 3027 ex
477 2978 564 3042 parte
582 2974 700 3028 restitui
713 2976 849 3043 possunt.
886 2971 1039 3028 Ann0418
1059 2988 1097 3027 ex
1111 2973 1199 3027 ltalia
1212 2973 1317 3043 pulsus
1327 2972 1469 3028 Julianus

265 3055 562 3127 Constantinopolim
592 3057 725 3128 indeque
758 3061 788 3112 in
822 3057 954 3114 Ciliciam
992 3058 1031 3112 ad
1063 3058 1255 3113 Theodorum
1293 3059 1469 3128 episcopum

266 3141 471 3210 Mopsuestiae
501 3142 676 3211 navigavit;
709 3157 789 3196 anno
824 3157 897 3196 vero
924 3142 978 3196 429
1007 3140 1297 3211 Constantinopolim
1324 3157 1467 3197 reversus

194 3229 196 3234 ’
262 3225 377 3290 effecit,
408 3228 443 3278 ut
462 3223 618 3279 Nestorius
649 3241 704 3295 pro
738 3240 770 3279 se
797 3229 827 3280 et
855 3226 938 3294 apud
966 3226 1181 3295 imperatorem
1210 3224 1413 3280 Theodosium
1440 3233 1469 3280 et

267 3313 351 3383 apud
371 3311 576 3368 CaelestInurn
596 3329 708 3384 papam
726 3315 932 3370 interveniret.
973 3313 1065 3369 Porro
1084 3330 1124 3368 ex
1153 3315 1198 3379 iis,
1227 3329 1307 3383 quae
1326 3314 1383 3368 hoc
1402 3315 1467 3369 loco

267 3397 445 3452 Vincentius
465 3399 599 3466 exponit,
618 3397 776 3453 Julianum
796 3399 877 3452 circa
902 3414 1016 3452 annum
1041 3399 1094 3453 434
1121 3399 1152 3451 in
1183 3399 1300 3452 haeresi
1329 3415 1468 3468 perman-

265 3484 342 3536 sisse
374 3487 500 3536 constat.
546 3480 595 3535 Ad
628 3498 742 3537 annum
772 3498 846 3538 vero
878 3483 931 3537 439
960 3483 1089 3552 Prosper
1115 3485 1147 3536 in
1177 3483 1323 3537 chronico
1356 3489 1468 3550 narrat,

268 3566 433 3634 Julianum,
452 3564 713 3622 dementissimum
731 3565 896 3636 Pelopiam
913 3565 1030 3626 errorc‘s·
1059 3569 1254 3635 adsertorem,
1285 3568 1380 3622 multa
1410 3584 1468 3622 mo·

264 3649 353 3703 litum
374 3661 448 3717 esse,
478 3652 514 3703 ut
531 3649 562 3703 ln
583 3651 823 3704 communionem
844 3651 990 3705 ecclesiae
1017 3651 1172 3720 inreperet
1201 3654 1231 3704 et
1259 3652 1468 3721 episcopatum

267 3735 410 3788 amissum
430 3741 633 3804 recuperaret,
654 3736 708 3790 sed
729 3734 847 3791 Sixturn
860 3752 970 3806 papam
992 3735 1065 3802 (111,
1084 3737 1171 3789 annis
1190 3735 1344 3801 432-440)
1357 3737 1468 3792 Leonis

268 3817 390 3871 diaconi
410 3819 533 3872 hortatu
552 3819 716 3889 vigilanter
736 3821 764 3874 ei
783 3821 968 3874 occurrisse.
1007 3821 1143 3874 Mortuus
1172 3825 1216 3874 est
1245 3819 1387 3875 Julianus
1414 3824 1468 3877 Vc·

265 3901 438 3958 tauriniano
457 3903 514 3957 ΙΙΙ.
534 3902 705 3973 imperante
724 3906 742 3958 i.
764 3921 788 3959 e.
806 3907 886 3960 lntra
906 3921 1002 3960 anuos
1021 3905 1164 3960 cau-455
1192 3904 1392 3974 (Gennadius,
1421 3907 1467 3963 De

266 3989 320 4041 vir.
341 3987 390 4042 inl.
410 3988 465 4048 45).
503 3987 562 4044 Ciu.
584 3988 751 4057 Bruckner‚
780 3989 885 4044 Julian
914 4006 974 4046 von
994 3990 1147 4056 Edonum,
1177 3991 1241 4044 setn
1269 3990 1375 4045 Leben
1404 3993 1468 4046 und

264 4073 351 4127 scine
370 4072 478 4138 Lehre,
497 4072 620 4143 Lipsiae
640 4074 709 4129 1897
728 4074 837 4143 (Texta
856 4075 920 4129 und
939 4074 1058 4130 Unters.
1072 4074 1126 4129 XV
1139 4075 1175 4143 3).
1247 4071 1260 4110 ²
1279 4073 1338 4131 Otr.
1348 4077 1467 4132 initium

266 4157 357 4211 huius
377 4173 441 4227 cap.
514 4154 629 4213 ³Haec
648 4161 751 4228 verba,
781 4173 860 4229 quae
886 4161 918 4213 ln
947 4161 1087 4214 omnibus
1106 4159 1262 4215 codicibus
1282 4165 1312 4214 et
1331 4163 1466 4231 antiquis
