3324 4866
270 513 306 569 66
725 509 810 568 XXX
828 509 985 568 h-XXXI
1006 511 1031 567 2.

270 676 392 742 Romae
417 676 650 761 episcoporum.
696 676 774 741 alit
797 682 833 741 ut
860 696 923 740 uon
959 675 1062 742 solum
1096 682 1194 762 caput
1228 676 1324 758 orbis,
1361 693 1470 742 verum

271 779 369 844 etiam
391 778 494 844 latera
517 777 565 842 illi
588 776 707 843 iudicio
732 777 948 843 testimonium
972 775 1188 860 perhiberent,
1222 777 1387 843 adhibitus
1422 781 1472 841 est

270 879 445 945 ameridie
481 879 683 945 beatissimus
706 879 896 964 Cyprianus,
932 877 1103 963 episcopus
1127 878 1403 963 Carthaginiensis
1439 885 1471 943 et

270 987 403 1065 martyr,
438 1001 458 1046 a
492 982 709 1065 septentrione
744 987 874 1046 sanctus
898 980 1095 1064 Ambrosius,
1131 981 1382 1047 Mediolanensis
1405 979 1470 1064 epi-

271 1103 396 1169 scopus.
443 1109 455 1148 o
479 1083 522 1148 Hi
546 1089 619 1148 suut
642 1085 741 1167 igitur·
758 1103 867 1148 omues
884 1082 969 1166 apud
987 1081 1150 1167 Ephesum
1169 1090 1296 1149 sacrato
1321 1081 1470 1166 decalogi

269 1188 422 1251 numerol
444 1185 590 1270 magistri
614 1185 788 1251 consiliarii
812 1190 912 1250 testes
935 1183 1122 1268 iudicesque
1145 1184 1305 1270 producti,
1337 1204 1470 1268 quorum

269 1289 367 1354 beata
389 1287 445 1353 illa
468 1287 611 1373 synodus
635 1287 814 1354 doctrinam
831 1292 953 1370 tenens,
979 1286 1145 1352 consilium
1162 1307 1308 1372 sequeus,
1334 1286 1470 1353 credens

269 1389 463 1474 testimonio,
498 1389 673 1458 oboediens
697 1389 828 1473 iudicio,
859 1391 981 1473 absque
1014 1390 1123 1455 taedio
1154 1391 1414 1476 praesumptione
1438 1397 1470 1455 et

269 1493 375 1577 gratia
400 1491 440 1558 de
463 1491 543 1559 fidei
567 1492 686 1576 regulis
710 1493 940 1577 pronuntiavit.
999 1491 1235 1577 uQuamquam
1269 1493 1369 1558 multo
1404 1514 1470 1558 am·

269 1595 351 1681 plior
374 1597 530 1664 maiorum
553 1615 701 1661 numerus
724 1594 872 1662 adhiberi
895 1597 1045 1681 potuerit,
1075 1595 1132 1661 sed
1156 1616 1288 1662 necesse
1311 1616 1373 1661 non
1396 1594 1469 1678 fuit,

269 1700 344 1782 quia
367 1714 471 1782 neque
493 1698 697 1764 multitudine
721 1699 850 1764 testium
875 1697 998 1783 negotii
1023 1704 1168 1784 tempora
1192 1699 1342 1784 occupari
1378 1717 1468 1783 opor·

268 1802 367 1877 tebat,
401 1809 434 1868 et
469 1802 581 1867 decem
604 1801 676 1868 illos
707 1821 771 1866 non
804 1799 893 1866 aliud
923 1800 1019 1867 ferea
1050 1802 1188 1868 sensisse
1223 1821 1318 1884 quam
1344 1807 1469 1868 ceteros

268 1925 377 1972 omnes
401 1905 552 1990 conlegas
574 1923 649 1971 suos
671 1923 765 1970 nemo
788 1902 968 1969 dubitabat.

300 2220 426 2288 XXXI.
473 2220 561 2287 Aeta
583 2221 706 2308 synodi
730 2219 923 2307 Ephesiaae
947 2225 1157 2286 enarrantur
1181 2229 1212 2287 et
1235 2221 1435 2286 laudantur.

375 2363 453 2428 Post
476 2380 559 2444 quae
583 2361 689 2426 omnia
717 2359 896 2427 adiecimus
932 2361 1028 2428 etiam
1063 2360 1174 2428 beatib
1198 2360 1310 2447 Cyrilli
1344 2366 1467 2427 senten·

268 2465 356 2547 tiam,
380 2483 463 2546 quae
486 2464 587 2548 gestis
610 2463 690 2548 ipsis
714 2464 946 2530 ecclesiasticis
976 2465 1167 2530 continetur.
1213 2465 1361 2547 Namque
1396 2484 1467 2530 oum

268 2567 354 2634 lecta
378 2572 463 2633 esset
498 2566 602 2632 sancti
627 2565 799 2650 Capreoli²
834 2565 978 2651 episcopi
1014 2566 1288 2651 Carthaginiensis
1320 2567 1467 2652 epistula,

269 2669 323 2752 qui
346 2667 426 2733 nihil
449 2666 535 2733 aliud
560 2668 748 2733 intendebat
774 2674 807 2734 et
831 2669 1034 2753 precabatur,
1058 2668 1119 2734 nisi
1142 2674 1178 2732 ut
1200 2674 1387 2753 expugnata
1413 2689 1468 2734 no·

268 2773 371 2839 vitate
394 2771 571 2854 antiquitas
594 2771 832 2854 defenderetur,
859 2772 905 2838 ita
929 2772 1100 2858 episcopus
1123 2772 1261 2857 Cyrillus
1284 2772 1469 2858 prolocutus

269 2880 318 2942 est
341 2880 373 2940 et
398 2873 558 2958 definivit,
583 2873 668 2958 quod
692 2874 745 2940 hic
769 2894 898 2958 quoque
923 2874 1125 2960 interponere
1161 2895 1225 2941 uon
1259 2875 1323 2941 ab⁰
1356 2896 1391 2941 re
1420 2874 1467 2940 vi·

269 2974 397 3044 deturd.
444 2977 536 3043 aAit
560 2978 700 3043 enimin
724 2977 792 3044 fine
817 2985 995 3062 gestorum:
1031 2980 1078 3045 Et
1112 2980 1203 3062 boec,
1238 2978 1348 3062 iuquit,
1383 3000 1467 3064 qaae

427 3183 692 3256 ²>P⁴,oereb.
820 3183 1244 3252 brtaP1-⁴o‚oeatamsi.
1335 3187 1465 3242 eaosb.

429 3269 445 3313 d
464 3269 609 3328 videatur
626 3268 694 3326 1³³⁴.

378 3410 390 3450 ¹
408 3412 476 3470 Nou
496 3413 593 3468 solum
613 3413 758 3481 ordinem,
777 3418 812 3468 ut
830 3414 897 3484 ipse
916 3415 1080 3470 confitetur
1099 3416 1135 3483 (c.
1155 3415 1199 3482 29,
1218 3416 1272 3483 10),
1292 3415 1346 3470 sed
1375 3415 1466 3470 etiam

266 3513 426 3554 numerum
446 3498 556 3553 oblitus
580 3507 625 3554 est
643 3497 833 3567 Vincentius3
853 3514 923 3553 narn
944 3505 1065 3569 praeter
1085 3499 1190 3555 decem
1205 3499 1279 3568 illoS,
1305 3515 1380 3569 qnos
1406 3517 1465 3556 me·

267 3585 374 3649 morat,
394 3583 484 3637 etiam
505 3582 565 3636 duo
585 3582 637 3636 ulii
655 3586 811 3652 tamquam
830 3586 921 3637 testes
940 3584 1077 3638 veritatis
1090 3584 1218 3639 adhibiti
1235 3589 1317 3638 sunt:
1336 3583 1465 3654 Atticus,

268 3667 320 3736 qui
334 3663 578 3735 sChrysostomo
589 3663 850 3735 Constantinopoli
864 3668 1017 3734 suecessit,
1029 3677 1059 3721 et
1069 3666 1304 3737 Amphilochius,
1316 3667 1465 3737 ep.Iconii

267 3753 297 3818 (†
329 3751 410 3806 circa
438 3765 551 3805 annum
589 3750 668 3819 394);
699 3751 752 3806 cir.
784 3751 903 3819 Helela,
935 3751 1271 3822 Kounilieugeschichte
1301 3750 1357 3820 11²,
1385 3754 1464 3809 Frib.

266 3837 345 3905 1875,
366 3836 425 3891 186.
543 3833 555 3872 ²
573 3835 748 3906 Capreolus,
769 3838 820 3906 qui
839 3835 962 3892 Aurelio
980 3839 1012 3892 in
1031 3838 1209 3908 episcopatu
1222 3836 1466 3908 Carthaginiensi

267 3921 421 3988 suecessit,
447 3935 515 3975 cum
535 3920 741 3975 vandalorum
760 3922 933 3977 incursione
953 3922 1080 3977 coneilio
1110 3923 1217 3978 adesse
1245 3923 1464 3993 prohiberetur,

268 4021 323 4076 per
342 4005 483 4061 Besulam
503 4005 663 4061 diaconum
684 4007 844 4077 epistulam
868 4006 1020 4078 Ephesum
1051 4008 1141 4073 misit,
1170 4023 1232 4078 qua
1259 4009 1352 4063 fidem
1372 4009 1464 4064 eccle·

268 4091 332 4146 siae
350 4089 515 4146 Africanae
534 4096 713 4160 testaretur3
734 4091 807 4146 haee
827 4092 955 4162 epistula
974 4107 1087 4163 graece
1107 4097 1137 4148 et
1149 4093 1242 4148 latine
1256 4097 1356 4148 exstat
1369 4093 1464 4164 (apud

266 4175 370 4246 Migue
389 4175 420 4230 P.
440 4176 458 4228 l.
477 4175 520 4245 53,
539 4175 593 4230 843
612 4191 649 4231 ss.
669 4181 699 4232 et
719 4176 920 4246 ilarduinum,
938 4177 1016 4232 Acta
1035 4193 1119 4232 conc.
1139 4177 1153 4232 l
1174 4177 1370 4247 1419-1422).
