3324 4866
770 518 813 572 XI
834 519 913 573 4-7.
1412 517 1448 571 27

245 677 434 742 confutabat
458 675 623 742 errores1?
668 701 682 739 a
698 674 767 753 Quo
784 674 914 740 tandem
931 675 1013 740 iste*
1036 673 1131 740 modo
1147 696 1211 741 non
1227 674 1329 741 cuivis
1345 674 1447 742 fidem

243 779 378 863 faceret,
403 799 437 845 se
461 787 551 845 recta
574 779 702 861 docere,
727 788 816 847 recta
831 780 1032 866 praedicare,
1056 785 1146 845 recta
1168 778 1297 861 sentire,
1322 778 1386 860 qui,
1411 786 1446 843 ut

242 883 297 946 uni
332 881 459 946 haeresi
502 901 580 949 suae
624 882 747 948 aditum
788 883 1006 969 patefaceret,
1045 887 1231 948 cunctarum
1269 879 1445 946 haereseon

244 982 462 1068 blasphemias
486 984 747 1049 insectabatur?
794 984 859 1051 Sed
894 984 955 1050 hoc
984 991 1054 1050 erat
1081 983 1171 1064 illud,
1208 982 1294 1065 quod
1317 982 1447 1067 Moyses

243 1086 308 1150 ait:
334 1093 475 1170 temptat
491 1106 549 1150 nos
565 1087 720 1153 dominus
737 1089 819 1154 deus
838 1095 957 1171 nester,
980 1088 1011 1152 ai
1027 1087 1179 1172 (liliputer
1195 1107 1270 1152 eam
1286 1107 1331 1150 aa
1348 1086 1445 1151 noni.

350 1212 362 1252 5
386 1187 429 1251 Et
451 1194 487 1252 ut
510 1188 694 1256 Nestorium
718 1197 967 1275 praetereamus,
1003 1190 1036 1254 in
1060 1209 1123 1273 quo
1147 1188 1219 1273 plus
1242 1207 1369 1273 semper
1391 1186 1447 1253 ad-

243 1289 420 1356 mirationis
454 1309 550 1372 quam
582 1291 742 1375 utilitatis,
777 1293 849 1377 plus
873 1292 981 1358 famae
1010 1311 1106 1375 quam
1130 1291 1351 1374 experientiae
1372 1289 1446 1372 fuit,

244 1411 339 1474 quem
363 1393 512 1476 opinione
536 1393 626 1476 vulgi
650 1393 847 1476 aliquamdiu
870 1415 1022 1478 magnum
1042 1393 1181 1459 humana
1205 1393 1309 1477 magis
1324 1393 1448 1458 fecerat

242 1496 352 1579 gratia
375 1514 469 1577 quam
493 1494 613 1577 divina,
639 1515 695 1561 eos
718 1499 824 1582 potius
848 1515 1141 1579 commemoremus,
1165 1495 1220 1578 qui
1243 1494 1352 1560 multis
1374 1515 1447 1580 pro-

244 1596 383 1663 fectibus
419 1597 582 1680 multaque
620 1598 777 1665 industria
815 1599 954 1684 praediti
990 1620 1053 1664 non
1091 1618 1212 1684 parvae
1244 1598 1447 1682 temptationi

244 1700 413 1765 catholicis
429 1700 610 1768 hominibus
623 1703 823 1768 exstiterunt.
848 1729 860 1768 r
878 1703 973 1768 Velut
989 1701 1076 1788 apud
1093 1702 1276 1767 Pannonias
1291 1701 1447 1766 maiorum

244 1803 398 1867 memoria
421 1802 596 1868 Photinus4
621 1804 789 1870 ecelesiam
810 1804 1018 1870 Sirmitanam
1042 1810 1218 1889 temptasse
1241 1808 1446 1884 memoratur,

242 1905 299 1970 ubi
323 1925 394 1969 oum
419 1926 535 1989 magno
560 1907 700 1971 omnium
723 1907 838 1972 favore
861 1909 894 1973 in
917 1906 1133 1973 sacerdotium
1156 1906 1271 1970 fuisset
1303 1903 1447 1970 adscitus

243 2015 275 2074 et
305 2007 502 2091 aliquamdiu
532 2015 696 2090 tamquam
725 2009 904 2075 catholicus
936 2008 1185 2086 administraret,
1221 2006 1326 2072 subito
1362 2006 1447 2073 sicut

241 2111 344 2176 malus
378 2109 433 2176 ille
463 2111 634 2196 propbeta
669 2120 729 2177 cat
763 2115 959 2196 somniator,
999 2131 1094 2195 quem
1118 2111 1246 2196 Moyses
1269 2108 1446 2193 signifieat,

242 2212 397 2278 creditam
422 2213 483 2279 sibi
506 2214 633 2299 plebem
657 2213 710 2279 dei
735 2213 930 2300 persuadere
954 2215 1071 2299 coepit,
1100 2220 1136 2278 ut
1158 2217 1345 2297 sequeretur
1368 2213 1448 2276 deos

242 2317 380 2399 alienos,
403 2315 438 2380 id
463 2322 512 2381 est
536 2336 658 2381 errores
682 2324 864 2398 extraneos,
897 2336 977 2399 quos
1000 2323 1097 2382 antea
1120 2316 1296 2381 nesciebat.
1343 2340 1354 2380 r
1379 2312 1447 2381 Sed

242 2418 304 2483 hoc
328 2419 497 2500 usitatum3
531 2418 610 2484 illud
638 2417 737 2485 verob
761 2420 986 2505 perniciosum,
1023 2417 1108 2502 quod
1139 2417 1181 2484 ad
1205 2424 1329 2483 tantum
1351 2415 1447 2482 nefas

241 2542 305 2586 non
341 2520 557 2586 mediocribus
586 2520 790 2587 adminiculis
822 2523 983 2588 utebatur.
1038 2522 1122 2589 Nam
1157 2526 1227 2586 erat
1260 2526 1292 2585 et
1325 2518 1447 2604 ingenii

242 2624 364 2688 viribus
382 2623 492 2688 valens
508 2630 541 2688 et
558 2622 725 2689 doctrinae
741 2625 856 2710 opibus
873 2625 1033 2691 excellens
1050 2629 1082 2689 et
1098 2623 1224 2706 eloquio
1241 2628 1445 2708 praepotens,

243 2726 362 2811 quippe
387 2725 441 2808 qui
465 2731 601 2808 utroque
625 2746 770 2792 sermone
806 2728 935 2813 copiose
965 2733 998 2793 et
1020 2727 1164 2811 graviter
1199 2724 1379 2811 disputaret
1414 2729 1447 2789 et

403 2888 419 2919 ⁸
437 2875 496 2933 isto
517 2894 539 2932 s,
646 2877 718 2941 b>
736 2877 786 2934 P4.

352 3007 429 3064 ¹De
448 3007 588 3064 Nestorio
608 3012 707 3065 fusius
727 3013 794 3082 agit
813 3009 962 3079 Socrates,
982 3011 1019 3066 H.
1039 3027 1066 3066 e.
1084 3011 1140 3066 VII
1159 3011 1202 3065 29.
1240 3011 1311 3066 Post
1331 3012 1447 3066 obitum

243 3091 365 3149 Sisinnii
385 3096 520 3164 episcopi
541 3111 620 3150 anno
640 3096 694 3152 428
713 3098 753 3150 ab
767 3098 950 3166 imperatore
965 3096 1137 3152 Theodosio
1151 3098 1270 3150 iuniore
1285 3098 1446 3166 episcopus

241 3179 435 3233 renuntiatus
463 3187 508 3233 est
528 3178 882 3250 Constantinopolitanae
915 3181 995 3236 sedis
1015 3180 1180 3248 Nestorius,
1210 3181 1369 3251 presbyter
1388 3181 1446 3234 An·

241 3263 412 3330 tiochenus,
431 3264 479 3317 vir
499 3280 609 3319 sonora
629 3281 705 3320 voce
724 3272 755 3320 et
774 3266 918 3335 expedita
936 3265 1082 3320 facundia
1101 3271 1132 3320 et
1151 3267 1189 3319 ob
1213 3268 1446 3335 temperantiam

242 3363 261 3401 a
281 3347 418 3416 plurimis
437 3349 642 3418 praedicatus.
742 3349 754 3386 ²
773 3348 898 3406 Socrate
916 3355 993 3405 teste
1012 3350 1040 3413 (l.
1060 3350 1089 3414 l.)
1108 3349 1266 3405 Nestorius
1285 3351 1446 3419 episcopus

242 3432 400 3487 ordinatus
430 3434 509 3488 illico
539 3449 639 3488 coram
671 3437 817 3490 universo
853 3435 966 3504 populo
1007 3436 1221 3504 imperatorem
1259 3435 1445 3504 compellans

242 3519 392 3572 celebrem
415 3518 497 3572 illam
516 3519 642 3587 protulit
662 3521 857 3575 sententiam:
885 3522 937 3580 Δός
954 3540 1000 3588 μοι
1019 3519 1042 3574 ὦ
1060 3520 1170 3590 βασιλεῦ
1189 3519 1314 3588 καθαρὰν
1333 3519 1380 3589 τὴν
1397 3527 1446 3588 γῆν

241 3610 294 3656 τῶν
312 3605 453 3671 adpetenda·
465 3604 542 3673 κάγώ
561 3624 602 3658 σοι
621 3604 664 3658 τὸν
682 3605 796 3672 οὐρανὸν
814 3605 966 3659 ἀντιδώσω·
986 3605 1134 3674 συγκαθελὲ
1150 3625 1197 3673 μοι
1217 3603 1278 3664 τοὺς
1296 3603 1444 3672 αἱρετικοὺς

145 3683 148 3694 '
240 3686 317 3756 κάγὼ
345 3690 505 3757 συγκαθελῶ
533 3709 574 3743 σοι
603 3689 663 3749 τοὺς
681 3690 795 3757 Πέρσας.
834 3689 879 3742 Ex
899 3689 957 3744 hoc
976 3688 1056 3744 dicto
1077 3689 1217 3743 omnibus
1237 3692 1267 3742 et
1286 3688 1394 3742 levitas
1413 3689 1446 3742 et

241 3772 387 3827 violentia
409 3777 439 3827 et
460 3774 639 3843 arrogantia
659 3775 724 3828 eius
743 3775 850 3843 patuit.
888 3773 1007 3828 Deinde
1025 3775 1086 3828 iam
1112 3774 1217 3842 quinto
1238 3777 1307 3842 post
1327 3773 1446 3828 ordina·

240 3857 352 3910 tionem
377 3856 427 3911 die
451 3858 610 3912 ecclesiam
629 3857 813 3912 Arianorum
842 3858 1021 3913 subvertere
1052 3864 1180 3912 conatus
1199 3858 1310 3924 effecit,
1334 3863 1368 3911 ut
1387 3858 1445 3928 ipsi

242 3956 309 3995 eam
337 3942 447 3996 iniecto
476 3942 549 4010 igne
569 3944 789 3997 comburerent.
826 3941 865 3996 Et
881 3942 907 3995 si
921 3940 1216 3996 Gotboiredoiidem
1235 3941 1348 3995 habere
1367 3941 1445 4009 licet,

241 4025 361 4094 amplae
372 4025 452 4080 illius
470 4026 548 4096 legis
566 4029 606 4082 ab
625 4027 809 4097 imperatore
829 4031 962 4082 exeunte
986 4041 1089 4081 mense
1108 4025 1188 4081 Maio
1208 4026 1343 4080 eiusdem
1373 4026 1445 4080 anni

241 4115 348 4164 contra
372 4109 542 4164 haereticos
572 4111 653 4165 latae
681 4109 765 4173 (cod.
793 4110 909 4165 Theod.
928 4109 997 4164 XVI
1021 4110 1048 4176 b,
1071 4109 1118 4177 65)
1149 4108 1305 4164 Nestorius
1337 4116 1445 4165 auctor

239 4195 307 4248 fuit.
398 4189 410 4228 ³
429 4193 518 4248 Dent.
534 4195 575 4260 13,
594 4195 620 4250 3.
693 4191 771 4250 ⁴De
789 4194 918 4248 Photino
937 4196 991 4248 eir.
1010 4209 1103 4263 supra
1122 4193 1162 4248 ad
1183 4209 1208 4248 c.
1226 4193 1252 4256 2,
1271 4194 1296 4248 3.
