3324 4866
665 463 765 519 xxix
787 465 854 518 1-a
873 464 939 532 (41).
1368 467 1404 520 aa

203 675 328 739 XXIX.
378 672 676 742 Commonitorium
712 677 809 761 prius
845 676 1153 760 comprehenditur,
1183 684 1213 742 et
1249 677 1402 756 ulterius,

201 779 239 842 in
262 799 324 862 quo
349 778 389 843 dc
413 778 553 844 concilio
576 779 728 865 peneruli
744 779 915 862 Ephesino
933 786 1046 843 actum
1062 787 1145 862 erut,
1170 781 1402 844 commentatio

705 882 892 947 incolatur.

309 1023 378 1102 (41)
414 1021 505 1100 Quae
541 1041 613 1086 eum
647 1022 694 1087 ita
729 1023 803 1104 sint,
839 1023 903 1086 iam
937 1030 1063 1107 tempus
1087 1029 1146 1104 est,
1180 1028 1215 1087 nt
1238 1042 1287 1103 ea,
1318 1042 1401 1105 qnae

202 1120 326 1187 duobus
350 1123 400 1188 his
424 1124 673 1190 commonitoriis
696 1123 785 1190 dicta
808 1131 892 1206 sunt,
925 1124 958 1188 in
987 1124 1081 1189 huius
1104 1122 1237 1189 secundi
1261 1123 1329 1189 fine
1352 1145 1402 1190 re·

205 1224 427 1308 capitulamus.
474 1252 486 1290 a
511 1227 658 1291 Diximus
681 1228 714 1290 in
738 1226 964 1310 superioribus,
990 1225 1073 1292 hanc
1097 1226 1196 1291 inisse
1220 1245 1346 1312 semper
1369 1234 1401 1292 et

203 1346 273 1392 esse
305 1327 465 1412 hodieque
501 1328 731 1394 catholicorum
765 1328 1037 1412 consuetudinem,
1077 1336 1113 1393 ut
1150 1329 1252 1394 iidem
1291 1348 1400 1394 veram

204 1428 329 1495 duobus
351 1430 402 1496 his
425 1430 529 1497 modis
552 1430 746 1516 adprobent:
772 1432 907 1516 primum
931 1430 1033 1496 divini
1050 1433 1182 1497 canonIs
1198 1432 1402 1513 auctoritate,

203 1530 320 1598 deinde
353 1534 510 1600 ecclesiae
545 1533 724 1600 catholicae
759 1534 933 1600 traditione
941 1537 962 1600 ¹.
1032 1560 1045 1600 a
1080 1534 1153 1600 Non
1189 1535 1264 1616 quia
1300 1554 1403 1600 canon

203 1633 289 1700 solus
313 1655 376 1700 non
399 1636 462 1701 sibi
485 1635 527 1700 ad
552 1635 701 1700 universa
725 1635 881 1719 sufficiat,
905 1636 964 1702 sed
988 1638 1063 1720 quia
1087 1637 1187 1701 verba
1211 1635 1321 1700 dirina
1344 1655 1403 1721 pro

201 1756 260 1802 suo
284 1738 428 1822 plerique
452 1739 608 1804 arbitratu
632 1739 880 1824 interpretantes
905 1740 1011 1805 varias
1034 1739 1200 1824 opiniones
1217 1757 1403 1820 erroresque

204 1839 398 1924 concipiant,
435 1848 531 1924 atque
566 1840 639 1906 ideo
674 1861 807 1907 necesse
843 1843 896 1925 sit,
928 1850 964 1906 nt
999 1840 1042 1906 ad
1070 1862 1165 1907 unam
1189 1839 1403 1907 ecclesiastici

202 1960 313 2007 sensus
337 1945 482 2028 regulam
506 1945 685 2029 scripturae
710 1944 858 2009 caelestis
873 1944 1095 2026 intellegentia
1113 1943 1279 2028 dirigatur,
1305 1945 1336 2008 in
1353 1942 1403 2008 his

201 2047 371 2111 dumtaxat
394 2047 568 2132 praecipue
592 2046 841 2129 quaestionibus,
878 2046 992 2129 quibus
1015 2048 1113 2112 totius
1138 2047 1289 2112 catholici
1326 2045 1403 2129 dog·

201 2150 296 2214 matis
329 2147 538 2214 fundamenta
573 2149 726 2213 nituntur.
795 2174 807 2212 r
834 2150 914 2212 Item
950 2135 1099 2232 diximus,
1134 2149 1167 2212 in
1201 2149 1270 2232 ipsa
1295 2167 1402 2212 rursus

202 2252 340 2316 ecelesia
363 2251 583 2316 universitatis
607 2252 729 2334 pariter
753 2257 785 2316 et
808 2251 1011 2333 antiquitatis
1041 2251 1281 2316 consensionem
1315 2269 1402 2334 spec·

201 2354 263 2417 tari
288 2361 446 2437 oportere,
482 2373 522 2417 ne
546 2359 601 2417 aut
625 2353 666 2418 ab
691 2353 823 2418 unitatis
858 2354 1044 2436 integritate
1079 2353 1111 2417 in
1145 2359 1268 2437 partem
1304 2351 1401 2417 schis-

201 2457 297 2521 matis
331 2457 568 2540 abrumpamur,
604 2462 660 2519 aut
695 2463 738 2520 a*
773 2456 942 2520 vetustatis
975 2455 1131 2538 religione
1166 2456 1199 2520 in
1224 2455 1398 2520 haereseon

201 2560 362 2624 novitates
386 2558 652 2642 praecipitemur„
691 2582 703 2622 a
727 2557 809 2621 Item
833 2555 982 2640 diximus,
1018 2559 1051 2622 in
1074 2558 1146 2641 ipsa
1170 2558 1327 2622 ecclesiae
1351 2575 1402 2620 ve·

200 2669 321 2726 tustate
338 2659 401 2725 duo
418 2659 577 2742 quaedam
594 2658 800 2724 vehementer
824 2658 1030 2742 studioseque
1052 2659 1264 2741 observanda,
1289 2659 1402 2740 quibus

202 2764 330 2848 penitus
355 2763 521 2828 inhaerere
546 2761 711 2842 deberent,
743 2762 934 2845 quicumque
958 2761 1112 2829 haeretici
1137 2782 1207 2827 esse
1242 2759 1401 2827 nollentb:

364 2950 379 2981 ὓ
392 2941 435 2994 ita
455 2937 536 2993 ΡΗ
553 2940 581 3006 b,
601 2955 616 2994 e
636 2941 673 2994 si.
775 2940 792 2983 b
811 2938 910 2994 nolint
929 2955 950 2994 s.

201 3088 388 3142 editionibus
408 3088 562 3158 leguntur,
586 3087 738 3141 Vincentii
767 3103 832 3142 esse
860 3104 921 3141 non
949 3091 1083 3156 possunt.
1122 3085 1168 3139 Dc
1196 3087 1291 3140 altero
1322 3086 1403 3142 Com-

202 3173 363 3226 monitorio
384 3171 563 3227 Gennadius
582 3175 624 3227 its
643 3175 750 3227 narrat
778 3171 835 3240 (De
855 3173 910 3225 vir.
929 3173 979 3225 inl.
1000 3171 1059 3235 64)ε
1089 3168 1183 3226 Unius
1207 3169 1308 3238 operis
1328 3170 1402 3242 quia

202 3254 329 3312 secundi
348 3255 422 3311 libri
440 3255 610 3311 monimum
630 3255 665 3311 in
687 3255 841 3312 schedulis
855 3258 977 3326 partem
1005 3273 1024 3310 a
1052 3254 1239 3326 quibusdum
1262 3257 1404 3325 furatam

198 3340 349 3410 perdidit,
368 3339 573 3409 recapitulato
592 3340 658 3396 eius
678 3339 788 3411 paucis
808 3339 1002 3396 sermonibus
1020 3357 1120 3408 sensu,
1139 3339 1242 3410 primo
1254 3341 1403 3412 compepit

201 3425 281 3480 etin
301 3442 363 3480 uno
383 3424 462 3480 libro
481 3424 586 3481 edidit.
695 3424 705 3461 ¹
731 3427 766 3480 In
795 3425 993 3480 diiudIcanda
1021 3426 1083 3480 tide
1111 3427 1201 3480 etiam
1230 3427 1402 3482 traditionis

201 3514 350 3566 rationem
371 3527 437 3566 esse
451 3511 623 3566 habendam
638 3497 759 3580 practer
772 3511 939 3577 Irenaeum,
960 3510 1188 3578 Tertullianum,
1209 3511 1402 3567 vincentium

202 3599 292 3652 etiam
312 3595 459 3666 Origenes
479 3595 568 3650 docet
596 3597 627 3649 in
656 3597 847 3666 praelatione
875 3596 1019 3650 librorum
1037 3596 1106 3664 Περὶ
1132 3596 1225 3665 ἀρχῶν
1252 3612 1271 3650 a
1290 3597 1402 3652 Rufino

200 3680 349 3736 translata
369 3697 393 3734 c.
414 3680 430 3733 2
450 3681 499 3744 (de
518 3681 548 3734 Ia
567 3680 634 3734 Rue
652 3680 665 3733 I
685 3681 746 3748 4'll:
775 3681 824 3734 Itu
843 3695 913 3734 cum
932 3679 1022 3734 multi
1049 3677 1120 3746 sint,
1149 3677 1204 3750 qui
1232 3695 1262 3736 ss
1288 3684 1403 3751 putant

201 3763 322 3832 sentire,
342 3780 420 3834 quae
441 3761 556 3820 Oliristi
574 3766 654 3831 sunt,
683 3765 710 3817 et
738 3762 883 3818 nonnulli
912 3780 1016 3819 eorum
1045 3762 1169 3819 diuerso
1196 3781 1216 3818 a
1239 3763 1402 3833 prioribus

202 3847 343 3915 sentiant,
363 3851 500 3902 servetur
517 3864 587 3903 uero
607 3845 809 3904 ecclesiastica
825 3846 1019 3917 praedicatio
1042 3863 1102 3917 per
1129 3848 1330 3906 successionis
1354 3867 1402 3905 or·

202 3931 307 3987 dinem
334 3932 372 3986 ab
400 3930 550 4001 apostolis
582 3930 700 3986 tradita
730 3933 759 3986 et
786 3946 883 4001 usque
911 3932 953 3986 ad
970 3947 1116 4000 praesum
1134 3930 1168 3986 in
1187 3931 1318 3989 ecdesiis
1332 3949 1403 4003 per·

201 4030 348 4080 muncrum
369 4014 424 4069 illc
444 4017 508 4072 solo
526 4017 679 4072 credenda
698 4019 742 4070 est
760 4014 880 4084 veritos,
899 4032 977 4086 quae
995 4014 1030 4070 in
1048 4018 1133 4074 nullo
1147 4017 1185 4071 cb
1198 4016 1399 4074 ecclesiastica

200 4105 230 4156 et
248 4098 419 4169 apostolica
438 4098 595 4156 discordet
614 4099 789 4156 traditione.
