3324 4866
685 498 730 553 III
749 499 843 554 3-IV
862 500 879 554 2
898 500 945 568 (b).
1382 503 1423 558 13.

220 657 369 740 contagio
405 677 467 721 uon
502 657 566 721 iam
600 655 857 741 portiunculamt
893 663 1025 744 tantum,
1066 657 1122 724 sed
1162 665 1263 724 totum
1297 660 1425 743 pariter·

220 759 390 824 ecclesiam
429 758 663 824 commaculare
701 759 857 824 conetur?
904 760 995 825 Tunc
1033 761 1110 825 item
1150 759 1342 846 providebit,
1382 770 1418 828 ut

219 860 404 943 antiquitati
427 860 605 936 inhaereat,
640 879 722 943 quae
750 860 902 945 prorsusb
935 863 999 926 iam
1036 883 1099 928 non
1134 868 1240 947 potest
1265 857 1316 929 ¹ab
1352 864 1418 930 ulla

218 963 371 1029 novitatis
387 962 503 1029 fraude
526 962 647 1028 seduci.
694 987 706 1026 a
723 962 817 1041 Quid,
843 964 870 1028 si
893 964 926 1028 in
943 964 1014 1048 ipsa
1029 970 1190 1030 vetustate
1212 963 1345 1031 duorum
1362 973 1418 1032 aut

218 1066 313 1130 trium
348 1065 510 1131 hominum
544 1065 596 1131 vel
626 1072 715 1130 certe
745 1065 887 1132 civitatis
915 1067 1008 1131 unius
1032 1073 1088 1132 aut
1112 1068 1209 1132 etiam
1232 1068 1422 1152 provinciae·

218 1167 353 1232 alicuius
368 1187 454 1233 error
470 1165 752 1252 deprehendatur?
788 1169 879 1233 Tunc
895 1167 1023 1233 omuino
1040 1169 1176 1251 curabit,
1192 1176 1227 1233 ut
1243 1189 1422 1254 paucorum

218 1270 391 1335 temeritati
424 1271 476 1336 vol
506 1271 684 1353 inscitiane,
720 1270 747 1336 si
780 1290 844 1352 qua
879 1277 951 1335 suut
983 1271 1206 1337 universaliter
1240 1273 1422 1354 antiquitus

218 1371 407 1439 universalis
431 1373 559 1438 concilii
583 1372 724 1450 decreta,
754 1379 943 1457 praeponat.
989 1399 1002 1437 ι
1027 1372 1121 1456 Quid,
1153 1373 1180 1439 si
1205 1374 1270 1438 tale
1294 1374 1419 1457 aliquid¹

217 1481 371 1558 emergat,
395 1475 450 1540 ubi
474 1474 554 1539 nihil
577 1473 732 1541 eiusmodi
748 1474 948 1559 reperiatur?
995 1475 1087 1540 Tunc
1103 1495 1232 1561 operam
1257 1474 1357 1551 dabit,
1381 1483 1418 1542 ut

218 1577 362 1643 conlatas
394 1580 478 1644 inter
510 1598 545 1644 se
582 1579 736 1643 maiorum
772 1578 916 1642 consulat
952 1578 1193 1661 interrogetque
1227 1580 1415 1662 sententias,

217 1701 325 1746 eorum
349 1680 526 1755 dumtaxat,
551 1680 605 1763 qui
629 1679 763 1745 diversis
787 1680 864 1745 licet
888 1681 1082 1765 temporibus
1104 1686 1137 1745 et
1152 1680 1242 1759 locis,
1266 1682 1299 1746 in
1324 1683 1416 1748 unius

218 1792 324 1848 tamen
361 1783 519 1848 ecclesiae
555 1781 735 1847 catholicae
771 1783 991 1847 commuuione
1020 1788 1052 1847 et
1081 1780 1149 1846 fide
1181 1790 1415 1867 permanenter,

216 1886 360 1968 magistri
384 1885 566 1970 probabiles
590 1884 796 1965 exstiteruut3
834 1890 867 1949 et
896 1883 1048 1967 quicquid
1078 1905 1139 1949 non
1168 1904 1249 1951 uuus
1272 1892 1328 1950 aut
1351 1886 1415 1951 duo

216 1994 340 2052 tantum
372 1986 430 2053 sed
454 2007 563 2053 omnes
585 1987 708 2071 pariter
739 2006 802 2051 uno
827 1985 1003 2069 eodemque
1027 2005 1184 2052 consensu
1207 1994 1318 2072 aperte
1352 1989 1414 2055 ire·

216 2097 348 2172 quanter
371 2096 613 2175 perseveranter
636 2086 777 2155 tenuisse
800 2089 964 2173 scripsisse
988 2088 1135 2154 docuisse
1159 2091 1356 2173 cognoverit,
1380 2091 1416 2156 id

215 2194 276 2259 sibi
301 2214 426 2276 quoque
450 2193 619 2277 intellegat
641 2193 763 2276 absque
787 2193 853 2257 ulla
877 2191 1078 2257 dubitatione
1103 2190 1329 2258 credendum1.

284 2429 339 2493 lV.
386 2430 517 2494 Eadem
542 2429 749 2493 inlustrator
772 2429 870 2492 rebas
895 2435 1004 2492 aetate
1028 2428 1291 2518 Donatistarum
1316 2437 1347 2493 et

642 2529 851 2595 Ariaaoram
873 2531 985 2616 gestis.

324 2653 388 2720 Sed
412 2660 448 2718 ut
470 2651 616 2737 planiora
640 2650 733 2732 fiant,
761 2669 845 2732 quae
868 2649 1013 2726 dicimus,
1039 2651 1194 2735 exemplis
1226 2651 1413 2734 singillatim

214 2755 414 2822 inlustranda
437 2763 510 2822 suut
539 2760 572 2819 et
600 2754 696 2838 paulo
725 2753 854 2818 uberius
887 2751 1127 2836 exaggeranda,
1159 2774 1200 2819 ne
1232 2753 1420 2842 inmodicae·

214 2859 381 2925 brevitatis
405 2857 511 2926 studio
535 2857 701 2942 rapiantur
723 2875 827 2922 rerum
851 2852 1018 2941 pondera(l
1051 2857 1204 2922 orationis
1237 2857 1411 2922 celeritate.

321 2964 366 3043 (b)
389 2989 401 3027 a
426 2961 585 3046 Tempore
610 2960 739 3042 Donati,
764 2981 785 3024 a
808 2979 870 3041 quo
893 2959 1094 3041 Donatistae,
1125 2978 1195 3023 cum
1219 2979 1289 3025 sese
1313 2959 1412 3024 multa

376 3145 390 3175 a
400 3132 603 3203 portiuncula
621 3130 670 3186 1²⁴.
770 3129 954 3200 bprorsum
974 3127 1025 3184 P3.
1117 3127 1324 3186 ciascteaa'ae
1343 3129 1411 3186 ΡΜ.

375 3216 442 3282 d-l-
465 3219 493 3272 et
509 3216 557 3271 P4.

322 3373 419 3427 lHoc
438 3373 533 3443 igitur
552 3388 643 3426 sensu
663 3373 819 3428 decretum
838 3372 997 3439 Vincentii,
1025 3372 1059 3424 ut
1082 3367 1117 3425 id
1135 3371 1299 3436 teneamus,
1328 3370 1411 3439 qaod

212 3455 324 3528 abique
343 3461 425 3528 qaod
444 3473 563 3526 semper
581 3458 664 3527 qaod
682 3459 720 3512 ab
740 3455 881 3512 omnibus
899 3453 1050 3511 creditam
1078 3457 1129 3514 est,
1161 3470 1199 3509 ex
1228 3455 1322 3523 ipsius
1346 3469 1411 3530 sen·

212 3545 308 3599 tentia
326 3544 588 3614 interpretandum
608 3549 664 3598 est:
685 3542 715 3598 Si
736 3543 773 3597 de
792 3542 854 3596 fide
878 3542 989 3611 agitur,
1009 3541 1040 3594 id
1059 3540 1223 3595 tenendum
1244 3543 1298 3606 est,
1327 3540 1409 3608 quod

211 3628 301 3684 hodie
329 3629 444 3698 ubique
473 3628 607 3682 creditur
635 3643 689 3682 seu
717 3627 898 3682 universalis
922 3627 995 3680 fidei
1024 3626 1236 3680 communione
1262 3638 1409 3678 commen·

212 3713 315 3783 datum
346 3713 454 3783 quodsi
482 3719 546 3767 tota
575 3713 689 3782 pariter
711 3713 840 3766 ecclesia
867 3711 990 3766 novella
1009 3710 1112 3779 aliqua
1131 3710 1313 3779 contagione
1332 3723 1410 3762 com·

210 3799 388 3865 maculatur,
408 3799 582 3867 antiquitati
602 3797 822 3852 inhaerendum
842 3803 886 3851 est
906 3811 961 3850 sen
981 3794 1108 3850 decretis
1127 3796 1262 3864 priorum
1289 3794 1409 3848 univer·

211 3883 318 3937 salium
342 3884 550 3951 conciliorum3
570 3884 594 3937 si
614 3897 687 3936 vero
707 3883 822 3936 nullum
842 3881 1024 3935 universalis
1044 3879 1163 3934 concilii
1182 3879 1337 3933 decretum
1357 3877 1408 3931 ad·

211 3974 265 4035 est,
293 3967 433 4021 standum
462 3973 508 4022 est
535 3983 590 4036 pro
617 3967 679 4020 lide
708 3967 849 4034 omnium,
875 3967 931 4020 i.e
959 3980 1013 4035 pro
1034 3978 1183 4019 consensu
1212 3977 1326 4030 eorum,
1354 3959 1409 4030 qai

211 4049 342 4107 diversis
370 4050 439 4106 licet
466 4050 654 4122 temperabas
673 4053 699 4105 ct
721 4048 848 4106 torisia
867 4048 962 4104 anias
982 4045 1122 4103 ecelesiae
1148 4044 1312 4102 catholicae
1331 4061 1416 4100 com·-

210 4134 356 4192 maaione
375 4138 402 4190 ct
418 4136 478 4206 fide
492 4137 707 4205 permanentes
726 4132 872 4205 magistri
889 4131 1063 4202 probabiles
1080 4129 1271 4187 exstiterant.
