3324 4866
222 537 261 591 30
736 535 793 591 XII
812 538 909 591 8—1t.

223 712 370 777 eamque,
393 692 598 758 nutabundus
622 711 748 777 semper
781 698 813 758 et
837 691 963 774 dubius,
999 691 1094 758 modo
1129 701 1333 760 coaeternam
1364 693 1427 759 deo

224 796 334 878 verbo,
357 794 454 860 modo
478 794 519 859 de
542 795 633 860 verbi
657 793 828 859 divinitate
851 793 970 860 factam
993 794 1215 879 praedicabat.
1262 796 1427 862 aNolebat

221 897 366 963 enimin
391 897 518 964 Christo
543 895 623 962 duas
647 905 738 962 essel
766 898 974 977 substantias,
1003 916 1098 961 unam
1124 896 1267 963 divinam
1291 899 1425 963 alteram

224 1001 406 1083 humanam,
441 1020 537 1066 uuam
566 1019 606 1064 ex
635 1006 727 1084 patre
751 999 885 1065 alteram
909 1020 949 1065 ex
973 1006 1085 1082 matre,
1118 1000 1174 1066 sed
1209 1001 1312 1086 ipsam
1336 1002 1426 1067 verbi

224 1109 372 1168 naturam
405 1103 541 1188 putabat
570 1121 640 1168 esse
665 1100 832 1167 discissam
840 1099 868 1184 b,
904 1103 996 1185 quasi
1020 1103 1108 1167 aliud
1133 1105 1201 1168 eius
1225 1113 1426 1189 permaneret

223 1206 257 1270 in
281 1205 353 1288 deo,
381 1204 470 1270 aliud
495 1224 570 1270 vero
602 1224 728 1270 versum
760 1205 874 1270 fuisset
898 1206 930 1269 in
954 1225 1096 1287 carnem3
1132 1213 1176 1288 ut,
1211 1227 1283 1272 oum
1308 1207 1426 1274 veritas

220 1308 313 1374 dicat
337 1328 378 1374 ex
401 1307 527 1374 duabus
550 1308 737 1374 substantiis
761 1328 856 1373 unum
881 1327 952 1374 esse
975 1307 1144 1392 Christum,
1169 1308 1223 1375 ille
1247 1311 1426 1375 contrarius

224 1412 354 1478 veritati
379 1431 420 1477 ex
443 1430 507 1476 una
531 1409 650 1476 Christi
672 1409 844 1475 divinitate
869 1409 949 1477 duas
973 1411 1102 1477 adserat
1132 1410 1238 1478 iactas
1262 1431 1332 1478 esse
1356 1415 1426 1479 sub·

219 1515 370 1581 stantius
417 1514 509 1579 Haec
533 1515 642 1596 itaque
666 1513 873 1597 Apollinaris.

331 1617 534 1685 oNestorius
567 1622 673 1682 autem
705 1617 865 1681 contrario
888 1616 1067 1701 Apollinari
1101 1618 1221 1694 morbo,
1255 1617 1331 1682 dum
1355 1638 1425 1684 sese

221 1722 306 1787 'duas
330 1722 363 1786 in
387 1719 514 1786 Christo
538 1720 736 1785 substantias
760 1717 960 1802 distinguere
983 1719 1121 1802 simulat,
1146 1720 1227 1787 duas
1250 1720 1426 1786 introducit

225 1830 359 1908 repente
382 1842 548 1908 personas,
582 1829 615 1886 et
638 1822 782 1887 inaudito
806 1822 928 1887 scelere
951 1821 1032 1888 duos
1065 1842 1134 1888 esse
1158 1824 1227 1888 vult
1250 1824 1337 1891 filios
1362 1823 1426 1906 dei,

219 1926 305 1992 duos
318 1924 472 2008 Christos,
489 1945 586 1990 unum
603 1923 697 1989 deum
713 1923 849 1990 alterum
865 1924 1036 2006 hominem,
1060 1945 1167 2008 unum,
1192 1928 1303 2008 quiex
1323 1934 1426 2012 patre,

227 2029 373 2111 alterum,
409 2029 464 2111 qui
497 2027 540 2093 sit
571 2033 766 2111 generatus⁰
789 2047 830 2092 ex
853 2034 965 2093 matre.
1012 2054 1038 2092 ιο
1061 2029 1166 2111 Atque
1199 2028 1273 2094 ideo
1306 2028 1428 2096 adserit

225 2138 370 2198 sanctam
393 2132 529 2197 Mariam
552 2151 616 2196 non
640 2130 813 2196 theotocon
836 2130 894 2196 sed
919 2130 1137 2197 christotocon
1156 2150 1227 2197 esse
1243 2131 1425 2213 dicendam,

223 2235 300 2316 quia
325 2234 451 2300 scilieet
474 2253 515 2299 ex
539 2254 578 2299 ea
601 2253 664 2298 non
680 2233 734 2299 ille
752 2232 909 2313 Christus,
935 2233 988 2315 qui
1006 2232 1096 2316 deus,
1121 2233 1179 2300 sed
1196 2234 1260 2317 ille,
1285 2235 1425 2316 quierat

225 2337 329 2416 homo,
354 2343 449 2402 natus
472 2337 523 2401 sit.
572 2362 597 2400 11
614 2334 735 2413 Quodsi
759 2337 831 2418 quis
855 2356 925 2401 eum
950 2342 1042 2421 putat
1065 2336 1098 2401 in
1115 2336 1229 2402 litteris
1245 2338 1310 2403 suis
1328 2355 1425 2402 unum

225 2438 389 2505 Christum
424 2439 533 2504 dicere
568 2444 601 2503 et
634 2457 730 2503 uuam
766 2437 885 2505 Christi
922 2437 1112 2524 praedicare
1147 2459 1327 2524 personam,
1362 2461 1424 2505 non

225 2539 366 2608 temered
392 2540 513 2607 credat.
561 2541 625 2605 Aut
641 2541 726 2606 enim
742 2540 827 2606 istud
844 2540 978 2606 fallendi
995 2546 1064 2606 arte
1080 2540 1282 2607 machinatus
1298 2549 1358 2625 est,
1382 2579 1426 2590 -

224 2652 259 2710 ut
282 2665 341 2730 per
364 2645 447 2711 bona
470 2644 599 2709 facilius
621 2642 772 2709 suaderet
796 2649 828 2709 et
851 2644 946 2726 mala,
971 2643 1054 2709 sieut
1077 2644 1123 2709 ait
1147 2644 1329 2729 apostolus:
1359 2648 1426 2711 Per

224 2751 347 2813 bobum
370 2748 453 2813 mibi
476 2754 636 2832 operatas
659 2754 707 2811 eat
730 2750 891 2812 mortem¹
914 2783 958 2793 -
982 2772 1008 2811 ιε
1031 2753 1087 2811 aut
1110 2765 1198 2830 ergo,
1222 2754 1258 2811 ut
1275 2746 1425 2825 diximus,

223 2848 464 2916 fraudulentiae
481 2868 580 2914 causa
595 2847 787 2931 quibusdam
803 2850 836 2913 in
859 2847 940 2914 locis
963 2849 1153 2934 scriptorum
1178 2869 1304 2915 suorum
1328 2870 1425 2915 unum

224 2951 388 3018 Christum
412 2958 446 3017 et
460 2971 555 3017 uuam
573 2950 692 3016 Christi
716 2970 885 3034 personam
909 2950 1041 3016 eredere
1058 2971 1093 3016 se
1109 2951 1246 3035 iactitat,
1270 2958 1326 3018 aut
1338 2960 1425 3020 certe

224 3063 298 3138 post
321 3059 448 3138 partum
471 3051 536 3118 iam
559 3052 694 3135 virginis
716 3053 763 3116 ita
791 3052 823 3117 in
852 3072 948 3116 unum
974 3051 1136 3118 Christum
1164 3052 1245 3119 duas
1277 3052 1425 3138 perhibet

225 3155 414 3222 convenisse
442 3174 605 3240 personas,
639 3161 674 3219 ut
706 3160 813 3220 tamen
846 3162 1020 3239 conceptus
1052 3174 1110 3220 seu
1142 3161 1253 3240 partus
1287 3155 1425 3238 virginei

225 3265 370 3343 tempore
403 3265 438 3324 et
472 3258 637 3341 aliquanto
672 3264 786 3341 postea
821 3255 902 3321 duos
938 3255 1081 3324 Christos
1114 3258 1214 3324 luisse
1250 3258 1424 3324 contendat

225 3386 250 3425 ιε
273 3367 339 3440 ut0,
371 3379 443 3426 aum
466 3358 591 3425 scilicet
614 3358 759 3424 Christus
782 3358 875 3424 homo
900 3358 1075 3425 communis
1101 3361 1236 3445 primum
1262 3368 1294 3425 et
1317 3361 1425 3426 solita-

223 3463 290 3528 rius
315 3469 408 3528 natus
431 3463 484 3545 sit,
513 3467 547 3526 et
569 3460 706 3528 necdum
729 3459 783 3526 dei
808 3457 924 3526 verbof
946 3481 1102 3545 personae
1125 3462 1249 3528 unitate
1272 3463 1422 3544 sociatus,

224 3573 338 3650 postea
359 3566 392 3629 in
416 3584 489 3630 eum
513 3563 733 3631 adsumentis⁸
758 3564 845 3629 verbi
870 3584 1006 3648 persona
1029 3564 1245 3647 descenderit,
1278 3574 1320 3648 et,
1345 3565 1423 3632 lieet

224 3669 364 3733 nuncin
387 3666 441 3732 dei
465 3662 593 3751 gloriah
616 3673 745 3731 maneat
768 3665 967 3751 adsumptus,
991 3666 1189 3750 aliquamdiu
1213 3675 1321 3733 tamen
1345 3668 1424 3734 nihil

222 3771 307 3835 inter
330 3771 418 3835 illum
442 3776 475 3834 et
498 3775 622 3834 ceteros
645 3768 789 3833 homines
811 3769 996 3835 interfuisse
1020 3768 1177 3834 videatur.

386 3913 401 3944 ὅ
420 3919 484 3958 esse
503 3903 582 3958 duaa
601 3902 629 3956 b.
720 3900 921 3958 bdaaciaaam
941 3900 990 3956 P4.
1100 3911 1114 3944 ⁰
1127 3905 1291 3973 qenes-atus
1310 3905 1352 3959 stt
1370 3902 1423 3958 P4.

385 3987 565 4044 dremerara
584 3985 634 4041 P4.
735 3989 791 4041 eat
810 4003 832 4042 s.
923 3986 1035 4042 fvcrbi
1053 4003 1075 4042 s.
1184 3990 1254 4043 aar
1273 3987 1422 4044 sumentis

385 4070 432 4128 1³⁰.
533 4069 704 4142 hylarium
722 4069 772 4126 Pt.

338 4194 346 4232 ¹
368 4197 451 4251 Rom.
473 4197 497 4257 7.
519 4197 560 4250 13.
