3324 4866
239 539 274 594 12
711 539 740 594 II
760 541 805 594 6-
813 539 858 594 III
876 539 894 594 2
912 541 959 608 (4).

239 698 333 764 nibus
357 696 513 763 creditum
538 703 601 779 est3
627 697 688 764 hoc
713 705 761 765 est
778 699 895 763 etenim
912 718 987 764 vere
1003 701 1194 783 proprieque
1212 698 1438 764 catholicum1.

237 799 333 879 Quod
356 800 428 886 ipsa
451 801 500 866 vis
523 801 659 868 nominis
682 802 830 883 ratioque
853 801 1009 886 declarat,
1034 821 1116 884 quae
1133 802 1241 868 omnia
1256 801 1346 869 iere²
1370 802 1437 867 uni·

238 901 406 968 versaliter
424 901 676 987 comprehendit.
712 928 724 968 r
741 901 808 968 Sed
824 902 886 968 hoc
902 904 949 969 ita
965 903 1091 968 demum
1109 901 1201 981 fieti,
1226 904 1253 970 si
1269 923 1439 987 sequamur

238 1004 478 1070 universitatem
503 1006 728 1088 antiquitatem
753 1007 1003 1072 consensionem.
1050 1005 1227 1089 Sequemur
1243 1015 1350 1072 autem
1372 1009 1438 1071 uni-

239 1107 424 1174 versitatem
448 1106 508 1172 boc
531 1107 638 1185 modo,
662 1109 689 1174 si
713 1108 796 1173 hanc
820 1128 916 1173 unam
939 1107 1041 1174 fidem
1058 1128 1167 1174 veram
1184 1129 1252 1175 esse
1269 1109 1437 1196 fateamur,

237 1229 334 1294 quam
358 1215 427 1275 tota
449 1229 507 1295 per
531 1212 640 1276 orbem
664 1217 820 1276 terrarum
845 1211 1019 1276 confitetur
1043 1211 1190 1294 ecclesia,
1215 1213 1438 1295 antiquitatem

239 1330 314 1378 vero
338 1312 394 1394 ita,
419 1312 447 1378 si
470 1313 511 1378 ab
536 1311 585 1378 hir
609 1313 755 1379 sensibus
778 1312 961 1378 nullatenus
984 1313 1182 1397 recedamus,
1207 1333 1288 1396 quos
1309 1323 1438 1380 sanctos

238 1415 376 1480 maiores
399 1436 439 1480 ac
462 1422 570 1501 patres
592 1419 735 1482 nostros²
759 1416 939 1482 celebrasse
971 1415 1176 1482 manifestum
1211 1425 1270 1498 ert,
1307 1436 1438 1483 consen-

238 1519 359 1584 sionem
383 1537 510 1601 quoque
532 1518 655 1604 itidem,
692 1520 719 1584 si
749 1520 781 1583 in
810 1520 880 1602 ipsa
908 1525 1068 1584 vetustate
1097 1520 1236 1584 omnium
1267 1520 1317 1585 vei
1348 1526 1435 1585 certe

238 1640 341 1704 paene
366 1622 504 1686 omnium
528 1620 750 1686 sacerdotum³
781 1622 901 1706 pariter
925 1627 957 1686 et
981 1620 1205 1704 magistrorum
1230 1620 1437 1688 definitiones

237 1724 477 1806 sententiasque
501 1731 667 1792 sectemur.

237 1975 297 2040 III.
345 1977 569 2062 Ennianatar
591 1979 710 2064 regala
731 1980 828 2065 fidei:
851 1979 1072 2063 ‘Magnopcre
1097 1977 1285 2041 coroadam
1310 1984 1368 2057 est,
1397 1983 1437 2040 ‘nt
1515 2063 1518 2068 ,

235 2080 273 2144 iti
306 2087 486 2163 teneamus,
522 2083 610 2166 quoti
633 2083 764 2166 ubique,
798 2082 886 2166 qnod
909 2101 1048 2164 semper,
1085 2080 1173 2164 qnod
1206 2081 1247 2144 ab
1283 2080 1435 2143 omnibns

706 2184 870 2248 creditam
894 2183 965 2248 est’.

343 2335 389 2415 (4)
418 2334 503 2413 Quid
533 2336 632 2420 igitur
665 2344 761 2401 tunc⁰
787 2335 886 2401 faciet
910 2333 1102 2400 christianus
1133 2333 1320 2410 catholicus,
1352 2333 1379 2398 si
1402 2352 1437 2398 se

235 2437 346 2519 aliqua
370 2437 528 2503 ecciesiae
552 2438 714 2523 particula
737 2438 777 2503 ab
802 2436 991 2503 universalis
1014 2436 1095 2503 iidei
1112 2437 1332 2503 communione
1348 2455 1438 2521 prae

236 2537 378 2606 ciderit?
424 2538 507 2617 Quid
533 2536 678 2623 utiquei,
713 2542 775 2607 nisi
798 2547 833 2605 ut
867 2539 1021 2626 pestifero
1052 2545 1265 2625 corruptoque
1296 2540 1436 2604 membro

235 2643 408 2707 sanitatem
431 2641 573 2708 universi
590 2644 732 2727 corporis
748 2643 945 2729 anteponat?
992 2667 1004 2706 s
1021 2641 1116 2723 Quid,
1140 2642 1167 2707 si
1183 2641 1310 2707 novella
1330 2640 1437 2723 aliqua

400 2868 415 2899 ²
428 2859 471 2912 ita
490 2856 575 2928 P1³4,
595 2874 663 2914 aere
683 2874 705 2913 s.
792 2859 808 2901 b
827 2860 871 2913 ita
890 2855 949 2912 Pii
967 2858 996 2924 b,
1013 2854 1136 2926 fiatP1,
1153 2856 1187 2926 fit
1207 2858 1239 2911 si.
1331 2863 1394 2919 ο>
1412 2872 1435 2912 s.

402 2941 418 2984 d
436 2941 541 3014 itaque
561 2959 584 2998 s.

345 3097 355 3135 ¹
375 3099 509 3154 Ecclesia
529 3099 676 3154 catholica
695 3115 772 3170 grex
792 3097 902 3154 Christi
916 3099 1045 3168 primum
1059 3097 1229 3166 adpellatur
1242 3112 1260 3150 a
1274 3112 1295 3149 s.
1309 3095 1437 3165 Ignatio,

238 3183 292 3253 Ep.
315 3183 354 3238 ad
374 3181 490 3251 Smyrn.
510 3185 535 3238 8.
573 3181 688 3239 Nomen
709 3183 881 3238 declaratur
901 3199 927 3237 a.
948 3198 969 3237 s.
990 3181 1110 3252 Optato,
1130 3181 1176 3236 De
1195 3181 1312 3235 schism.
1328 3179 1437 3234 Donat.

237 3267 268 3322 II
287 3271 316 3322 l:
341 3267 399 3323 Ubi
417 3284 490 3339 erqo
510 3267 567 3323 erit
582 3267 762 3339 proprietas
779 3266 920 3323 catholici
939 3266 1082 3333 norninis,
1111 3282 1180 3322 eam
1203 3264 1275 3321 inde
1295 3264 1378 3320 dicta
1397 3263 1438 3320 sit

238 3351 395 3422 catholica,
415 3354 497 3422 qaod
516 3351 557 3408 sit
575 3351 773 3408 rationabilis
803 3353 982 3418 (catholicus
1001 3374 1035 3398 =
1054 3352 1123 3406 κατὰ
1141 3350 1238 3421 aaa?
1260 3351 1300 3405 du
1320 3351 1387 3414 Pin)
1411 3352 1438 3404 et

238 3437 349 3508 abique
362 3436 499 3506 diffusa?
579 3435 591 3473 ²
610 3437 716 3493 Patres
736 3445 808 3492 tunc
828 3439 971 3508 temporis
990 3438 1011 3490 ii
1029 3437 1084 3491 soli
1104 3452 1143 3491 ex
1161 3437 1326 3491 maioribus
1347 3435 1437 3490 eccle·

236 3523 301 3578 siae
322 3529 351 3576 et
369 3524 500 3576 maxime
520 3537 559 3577 ex
579 3523 729 3592 episcopis
753 3523 997 3589 nominabantur,
1026 3520 1080 3591 qui
1108 3520 1142 3575 in
1167 3521 1227 3591 fide
1255 3523 1281 3574 et
1306 3535 1436 3574 comma-

238 3604 331 3661 nione
350 3604 499 3661 catholica
518 3608 620 3661 sancte
639 3604 797 3676 sapienter
815 3608 990 3661 constanter
1008 3604 1139 3660 viventes
1159 3606 1296 3660 docentes
1324 3606 1351 3656 at
1366 3619 1437 3672 per-

236 3692 393 3746 manentes
410 3691 456 3744 vel
474 3690 555 3744 mori
573 3688 608 3744 in
628 3687 746 3746 Christo
762 3688 894 3760 fideliter
912 3691 958 3745 aei
976 3688 1072 3744 occidi
1087 3705 1147 3758 pro
1169 3686 1288 3743 Obristo
1306 3685 1439 3756 feliciter

237 3778 416 3831 mernerunt
435 3775 525 3843 (inira
545 3790 569 3830 c.
589 3776 632 3843 28,
652 3776 682 3844 ὃς
702 3777 755 3830 cir.
775 3777 866 3830 etiam
886 3791 911 3831 c.
923 3775 967 3842 29,
985 3776 1022 3844 4).
1059 3774 1236 3829 Hormisdas
1258 3788 1338 3843 papa
1362 3773 1438 3827 Fau·

238 3867 317 3916 stum
336 3861 494 3916 Reiensem
515 3862 692 3931 episcopum
711 3863 847 3931 aliosque
867 3861 1026 3931 theologos
1055 3875 1071 3915 e
1095 3874 1222 3914 numero
1247 3863 1368 3928 patrum
1388 3874 1437 3914 ex·

236 3947 301 3999 imit
312 3944 377 4016 (Ep.
389 3945 449 4012 124,
467 3946 493 4012 4,
514 3947 563 4001 die
585 3947 626 4001 13.
647 3943 728 4016 Aug.
748 3947 820 3999 anni
839 3945 908 4000 520:
928 3960 1004 4016 quos
1024 3942 1059 3999 in
1079 3942 1292 3998 auctoritatem
1311 3945 1438 4014 patrant

237 4045 300 4084 non
326 4027 438 4100 recipit
465 4034 617 4099 emamen);
647 4034 679 4084 at
708 4030 745 4085 de
764 4030 951 4098 Hieronymo
970 4031 1014 4084 ita
1043 4029 1158 4084 iudicat
1189 4044 1211 4083 s.
1236 4026 1438 4099 Augustinus,

237 4113 351 4169 Contra
380 4115 434 4168 Iul.
454 4114 535 4171 134:
565 4115 624 4170 Nec
653 4117 793 4171 sanctam
812 4115 1045 4187 Hieronymum,
1074 4113 1149 4186 qaia
1178 4115 1338 4184 presbyter
1364 4112 1439 4184 fnit,

236 4200 489 4255 contemnendam
509 4197 678 4255 arbitreris.
779 4196 1031 4270 ³episcoporum.
