3324 4866
261 570 278 624 6
693 568 993 625 PROLEGOMENA.

260 725 394 795 48-50
423 729 586 812 Excerpta
609 746 627 792 e
650 728 770 792 sanctis
793 726 961 793 Ambrosio
991 732 1023 791 et
1046 726 1235 810 Augustino,
1269 726 1324 792 iol.
1350 723 1462 791 tob—

262 829 326 895 81b
356 830 519 898 Vincentii
550 828 810 910 Commonitoria
846 827 964 894 deindo
1000 836 1065 896 tres
1100 829 1257 914 epistulae
1291 829 1466 914 paschales

261 931 444 1018 Theophili,
468 929 641 1016 Epiphanii
667 931 806 1015 epistula
829 930 870 996 ad
895 931 1037 1008 Hieron„
1062 929 1145 996 duae
1169 930 1325 1015 epistulae
1349 931 1460 996 Hiero·

260 1036 349 1119 nymi
374 1033 416 1100 ad
441 1031 654 1118 Theophilum
679 1053 729 1117 ep.
754 1032 1017 1099 Alexandrinum.

368 1137 489 1202 Omnes
506 1136 634 1200 codices
651 1135 811 1200 Vincentii
836 1135 916 1200 bene
941 1136 1063 1200 exarati
1080 1141 1172 1217 suut3
1197 1135 1317 1219 primus
1334 1141 1366 1201 et
1379 1135 1466 1200 alter

260 1237 395 1303 eandem
420 1237 525 1322 operis
549 1238 767 1302 recensionem
788 1245 954 1319 secuntur;
991 1237 1095 1303 codex
1122 1238 1204 1302 alter
1221 1237 1459 1320 (Gorbeiensis),

259 1341 389 1405 mutilus
425 1337 552 1423 quidem
578 1345 636 1421 est,
661 1337 730 1422 sed,
765 1345 915 1422 quantum
945 1338 988 1404 ad
1021 1347 1142 1405 textum
1178 1338 1311 1426 adtinet,
1346 1340 1463 1406 ceteris

260 1447 414 1526 praestat.
461 1439 572 1505 Codex
605 1441 718 1506 tertius
748 1447 781 1506 et
809 1442 948 1505 maxime
977 1447 1108 1523 quartus
1131 1440 1349 1507 mendosiores
1372 1449 1458 1527 sunt;

260 1550 377 1627 textus,
402 1550 495 1628 prout
518 1545 550 1607 in
576 1541 688 1608 codice
713 1549 826 1625 quarto
851 1550 966 1618 exstat,
997 1564 1017 1608 a
1041 1544 1118 1608 viris
1141 1543 1245 1610 doctis
1268 1550 1462 1611 retractatus

260 1653 293 1712 et
316 1647 419 1711 minus
443 1646 599 1729 genuinus
623 1651 681 1711 est.
728 1646 842 1713 Nullus
874 1665 914 1711 ex
939 1645 1028 1713 hisce
1057 1652 1206 1729 quattuor
1230 1645 1394 1713 codicibus
1419 1667 1463 1713 ex

259 1749 362 1815 altero
386 1747 530 1814 ciusdem
553 1751 675 1813 numeri
699 1749 926 1834 transscriptus
951 1755 1008 1815 est.

366 1854 499 1918 Praeter
522 1851 579 1917 hos
602 1851 730 1918 codices
750 1851 793 1919 ad
810 1859 931 1918 textum
948 1855 1121 1938 genuinum
1138 1853 1312 1919 eruendum
1329 1853 1458 1918 maioris

259 1954 355 2040 pretii
379 1961 429 2021 est
452 1956 554 2020 editio
573 1956 737 2040 princeps
752 1956 921 2021 tIohannis
944 1957 1104 2022 Sichardc'
1124 1955 1325 2035 (Antidotum
1349 1963 1462 2020 contra

261 2057 405 2122 diversas
429 2057 568 2121 omnium
591 2056 660 2122 fere
683 2058 883 2123 sacculorum
907 2057 1067 2141 haereses,
1096 2058 1244 2124 Basileae
1270 2058 1366 2140 1528,
1402 2057 1458 2123 fol.

260 2156 499 2241 wib—214²),
537 2179 619 2241 quae
653 2160 770 2224 iterata
805 2168 855 2226 est
889 2161 922 2224 in
956 2161 1061 2226 forma
1098 2162 1160 2224 120
1184 2160 1329 2225 Venetiis
1363 2159 1459 2225 1549.

259 2258 406 2325 Sichardi
433 2258 536 2325 codex
560 2260 696 2341 interiit3
734 2259 834 2326 editio
870 2268 993 2326 textum
1027 2260 1214 2346 subpeditat
1245 2261 1341 2326 valde
1375 2280 1459 2327 men·

260 2363 384 2445 dosum,
420 2363 579 2429 nonnullis
603 2368 711 2427 tamen
734 2362 813 2428 locis
837 2383 878 2428 ex
903 2365 1086 2430 coniectura
1109 2362 1369 2429 emendatiorem.

368 2466 398 2530 6.
434 2467 493 2531 Ea
513 2467 631 2532 ceteris
655 2467 858 2533 editionibus
875 2466 907 2531 hi
924 2469 1125 2552 potissimum
1147 2466 1345 2532 memorandi
1369 2474 1460 2532 sunt:

366 2568 541 2633 Johouuea
566 2565 735 2635 Ouolerios
772 2568 948 2648 (Vincentii
972 2569 1045 2634 Ler.
1071 2568 1156 2634 Galli
1192 2589 1250 2653 pro
1278 2568 1461 2635 catholicae

259 2669 338 2735 lidei
356 2670 547 2752 antiquitate
559 2677 632 2746 etc„
657 2670 795 2736 Lovanii
812 2672 909 2752 1552)
928 2673 1092 2756 complura
1107 2672 1140 2735 in
1157 2678 1247 2735 textu
1260 2670 1465 2736 restituendo

259 2773 441 2858 temptavit,
467 2792 549 2855 quae
572 2772 766 2858 posteriores
788 2774 1019 2858 probaverunt3
1044 2779 1213 2859 praeterea
1236 2773 1460 2858 primusCom·

258 2876 429 2942 monitoria
452 2877 484 2940 in
507 2876 554 2941 43·
575 2876 683 2960 capita
707 2875 856 2942 distinxit
879 2882 912 2942 et
928 2875 1190 2941 adnotationibus
1205 2875 1396 2943 inlustravit.
1416 2909 1459 2922 --

259 2977 369 3044 Editio
388 2980 481 3043 Petri
498 2978 629 3043 Pitheci
644 2978 728 3044 inest
752 2978 821 3043 eius
837 2978 1004 3043 volumini:
1028 2978 1181 3043 Veterum
1197 2977 1319 3060 aliquot
1332 2977 1461 3043 Galliae

259 3080 480 3165 theologorum
504 3080 636 3164 scripta,
666 3079 769 3145 Paris.
796 3079 891 3163 1586,
918 3080 1040 3162 1—763
1074 3079 1102 3145 is
1126 3079 1269 3145 codicem
1294 3080 1381 3164 typis
1406 3099 1458 3144 ex-

258 3183 375 3268 pressit
399 3181 615 3248 Oolbertinum
644 3202 701 3248 seu
725 3182 827 3248 Paris.
852 3204 897 3247 nr.
923 3183 1022 3265 2172,
1052 3202 1149 3268 snpra
1173 3187 1391 3248 memoratum.
1416 3218 1459 3229 -

259 3286 366 3351 Etiam
389 3285 671 3351 Bartholomaeus
695 3287 819 3351 Petrus
853 3286 1028 3366 (Vincentii
1052 3284 1237 3352 Leriuensis
1271 3284 1356 3351 Galli
1385 3290 1457 3366 etc,

257 3389 363 3453 Duaci
382 3387 480 3468 1611)
505 3386 629 3454 duobus
645 3387 810 3454 codicibus
824 3407 900 3454 usus
924 3395 982 3470 est,
1008 3389 1062 3470 qui
1086 3394 1216 3454 exstant
1240 3395 1273 3453 et
1297 3407 1375 3470 quos
1400 3388 1461 3451 Ba-

258 3491 359 3556 lunius
382 3491 525 3556 contulit.

366 3592 430 3657 Ter
446 3593 639 3678 Stephanus
655 3593 822 3658 Boluziua
838 3591 1088 3660 commonitoria
1104 3613 1175 3658 curn
1197 3592 1462 3658 adnotationibus

258 3694 370 3778 edidit,
394 3695 494 3760 Paris.
527 3694 623 3777 1663,
659 3695 754 3771 1669,
786 3693 872 3760 1684
911 3694 983 3776 (SS.
1014 3695 1274 3780 presbyterorum
1312 3694 1460 3761 Salviani

257 3797 467 3864 Massiliensis
500 3805 532 3862 et
565 3796 726 3862 Vincentii
750 3795 933 3862 Leriuensis
968 3799 1090 3882 opera).
1137 3797 1199 3863 Hic
1233 3797 1353 3881 primus
1384 3797 1458 3862 Vin·

258 3901 356 3966 centii
380 3919 460 3984 opus
483 3900 516 3964 in
540 3897 582 3964 33
607 3900 714 3983 capita
738 3897 894 3982 distinxit,
920 3919 1003 3982 quae
1026 3899 1224 3985 capitulatio,
1259 3919 1330 3964 cum
1358 3898 1460 3984 priori

259 4002 396 4070 Costerii
430 4002 530 4067 multo
563 4006 751 4086 praestaret,
784 4008 898 4086 postea
931 4003 1073 4086 vulgaris
1102 4001 1172 4066 fuit.
1217 4000 1327 4067 Editio
1363 4001 1458 4066 tertia

257 4105 391 4183 Baluzii,
417 4112 568 4190 quattuor
591 4104 756 4172 codicibus
785 4107 838 4188 qui
862 4105 970 4171 adhuc
995 4107 1128 4172 Parisiis
1151 4111 1280 4172 exstant
1303 4104 1457 4171 adhibitis

257 4207 427 4294 adparata,
463 4229 483 4274 a
515 4207 744 4293 posterioribus
778 4206 955 4274 editoribus
987 4209 1106 4293 passim
1140 4227 1240 4291 usque
1273 4206 1315 4272 ad
1347 4213 1460 4273 nostra
