3324 4866
270 466 306 519 et
728 465 827 520 XXIX
846 467 889 520 6-
901 466 935 520 10
953 465 1018 528 (42).

270 628 417 712 primum,
453 627 479 693 si
504 627 581 710 quid
606 635 690 694 esset
713 629 889 710 antiquitus
912 628 953 693 ab
989 628 1136 694 omnibus
1171 629 1328 693 ccclesiae
1364 626 1468 693 catho-

271 729 354 795 licae
398 729 621 796 sacerdotibus
665 730 854 795 universalis
894 730 1022 795 concilii
1060 730 1255 795 auctoritate
1294 728 1469 810 decretum,

270 849 283 889 e
308 830 434 914 deinde,
465 833 491 897 si
526 852 590 915 qua
616 853 702 897 nova
736 841 923 916 exsurgeret
947 833 1102 915 quaestio,
1134 832 1188 896 ubi
1212 831 1246 896 id
1270 832 1398 897 minime
1422 850 1469 896 re·

273 935 440 1018 periretnr,
464 933 689 1000 recurrendum
713 934 754 1000 ad
779 943 962 1000 sanctorum
986 941 1111 1020 patrum
1142 936 1327 1016 sententias,
1362 954 1469 1000 eorum

274 1035 451 1120 dumtaxat,
477 1037 619 1119 quisuis
643 1038 780 1119 quique*
803 1037 999 1122 temporibus
1023 1045 1056 1102 et
1079 1037 1158 1102 locis
1182 1037 1215 1101 in
1239 1038 1362 1102 unitate
1386 1057 1470 1101 com·

272 1138 430 1204 munionis
454 1146 486 1204 et
509 1138 588 1205 fidei
612 1147 845 1224 permanentes,
883 1141 1028 1224 magistri
1053 1139 1236 1225 probabiles
1260 1139 1469 1218 exstitissent,
1492 1135 1495 1144 ’

274 1250 306 1306 et
331 1240 485 1323 quidquid
505 1261 567 1306 uno
591 1262 685 1308 sensu
709 1249 807 1324 atque
829 1262 986 1307 consensu
1012 1243 1151 1308 tenuisse
1176 1243 1403 1322 invenirentur,
1435 1240 1470 1307 id

273 1343 430 1410 ecclesiae
454 1365 563 1410 verum
588 1351 621 1410 et
645 1344 838 1410 catholicum
863 1345 984 1428 absque
1008 1345 1072 1410 ullo
1096 1345 1246 1430 scrupulo
1262 1345 1469 1410 iudicaretur.

381 1447 449 1526 (42)
474 1473 486 1512 r
510 1446 601 1525 Quod
627 1466 667 1512 ne
689 1447 950 1533 praesumptione
985 1450 1088 1532 magis
1122 1457 1231 1514 nostra
1267 1467 1362 1530 quam
1398 1467 1471 1512 auc·

272 1547 402 1612 toritate
425 1548 648 1614 ecclesiastica
671 1568 816 1632 promere
840 1548 1031 1632 videremur,
1056 1549 1236 1634 exemplum
1266 1547 1470 1613 adhibuimus

273 1648 376 1714 sancti
400 1649 538 1736 concilii,
563 1649 648 1732 quod
672 1658 747 1717 ante
771 1651 941 1716 triennium
965 1650 1066 1716 ferme
1090 1653 1121 1716 in
1146 1653 1224 1717 Asia
1253 1650 1339 1736 apud
1364 1650 1470 1736 Ephe-

276 1771 344 1817 snm
369 1752 564 1817 celebratum
588 1765 637 1819 est
671 1754 748 1818 viris
783 1753 970 1820 clarissimis
996 1754 1094 1820 Basso
1119 1753 1362 1836 Antiocboque¹
1399 1774 1471 1817 con·

273 1854 405 1920 sulibns.
463 1880 475 1919 s
513 1855 573 1921 Ubi
610 1875 681 1920 cnm
706 1855 746 1921 de
770 1855 953 1921 sanciendis
976 1857 1056 1921 fidei
1081 1857 1200 1940 regulis
1224 1856 1469 1940 disceptaretur,

275 1975 314 2021 ne
339 1976 401 2039 qua
424 1957 491 2022 illic
508 1958 643 2024 forsitan
667 1959 803 2044 profana
826 1960 952 2025 novitas
976 1960 1007 2024 in
1032 1959 1160 2024 modum
1185 1958 1344 2044 perfidiae
1358 1958 1471 2023 Arimi-

275 2059 383 2124 nensis
407 2058 622 2145 obreperetbf,
648 2060 804 2126 universis
827 2061 1059 2142 sacerdotibus,
1090 2063 1144 2143 qni
1167 2061 1222 2126 illo
1247 2061 1377 2126 ducenti
1401 2061 1470 2125 fere

273 2164 425 2225 numcrc³
450 2171 676 2245 convenerant,
710 2162 770 2228 hoc
795 2164 1079 2230 catholicissimum
1114 2163 1336 2229 fidelissimum
1372 2171 1470 2246 atque

274 2265 426 2346 optimum
451 2266 542 2330 factu
568 2266 671 2331 visum
702 2274 762 2347 est,
798 2273 833 2330 nt
867 2267 900 2331 in
935 2267 1093 2332 medinme
1128 2275 1310 2332 sanctornm
1346 2273 1472 2352 patrum

273 2367 451 2435 sententiae
475 2367 702 2451 proferrentur,
727 2387 859 2450 quorum
876 2369 955 2434 alios
972 2375 1139 2454 martyres,
1164 2369 1244 2434 alios
1261 2369 1471 2450 confessores,

274 2490 384 2537 omnes
407 2488 483 2534 vero
508 2469 684 2534 catholicos
717 2470 923 2535 sacerdotes4
955 2470 1054 2536 fuisse
1087 2478 1120 2537 et
1152 2471 1366 2555 permansisse
1401 2490 1473 2535 con·

274 2579 389 2653 staret3
425 2578 496 2635 sut
520 2570 645 2635 scilicet
668 2570 729 2636 rite
753 2578 850 2654 atque
882 2572 1065 2637 solemniter
1101 2592 1141 2638 ex
1174 2592 1281 2637 eorum
1316 2592 1471 2638 consensu

276 2681 373 2756 atque
396 2673 527 2737 decreto
552 2672 674 2754 antiqui
711 2671 872 2756 dogmatis
905 2674 1019 2757 religio
1055 2674 1300 2739 confirmaretur
1334 2681 1367 2740 et
1402 2696 1471 2760 pro·

274 2776 371 2841 ianae
410 2774 564 2841 novitatis
603 2774 803 2860 blasphemia
842 2775 1116 2841 condemnaretur.
1183 2776 1276 2855 Quod
1316 2796 1386 2842 curn
1427 2777 1473 2843 ita

274 2877 395 2942 factum
419 2876 515 2959 foret,
551 2876 618 2939 iure
654 2876 829 2958 meritoque
864 2875 981 2962 impius
1015 2877 1068 2941 ille
1092 2877 1259 2944 Nestorius
1292 2877 1472 2944 catholicae

276 2979 429 3045 vetustati
453 2979 641 3058 contrarius,
666 2978 779 3043 beatus
803 2999 878 3044 vero
904 2980 1042 3065 Oyrilius
1074 2988 1301 3046 sacrosanctae
1335 2980 1473 3064 antiqui·

279 3082 338 3147 tati
363 3087 595 3147 consentaneus
618 3078 779 3145 indicatus
803 3088 860 3146 est.
909 3106 935 3145 ιο
958 3081 1000 3146 Et
1023 3089 1058 3146 ut
1081 3080 1124 3147 ad
1148 3081 1247 3146 fidem
1272 3102 1375 3148 rerum
1392 3082 1473 3148 nihii

436 3283 451 3314 a
466 3270 595 3343 quisque
614 3272 642 3325 b.
751 3269 768 3312 b
787 3269 957 3340 subriperet
976 3268 1040 3327 ΡΜ.
1141 3271 1270 3327 emedio
1289 3272 1337 3327 P4.

382 3443 493 3498 lanno
512 3444 573 3498 431.
673 3441 830 3496 ²Arimini
859 3458 939 3497 anno
965 3443 1018 3498 359
1043 3443 1261 3513 quadringenti
1288 3444 1383 3499 ferme
1412 3445 1470 3514 epi·

276 3531 358 3599 scopi
391 3525 508 3598 partim
539 3525 742 3582 imbecillitate
770 3525 902 3597 ingenii,
928 3526 1047 3598 partim
1080 3526 1180 3583 taedio
1208 3525 1473 3598 peregrinationis

276 3612 363 3669 evicti
382 3612 474 3682 (Sulp.
495 3610 572 3680 Sev,
592 3611 701 3666 Chron.
721 3611 750 3665 II
771 3612 817 3678 43)
838 3613 986 3667 formulae
1011 3613 1263 3682 subscripserunt,
1292 3627 1353 3682 qua
1377 3613 1473 3667 filium

276 3699 355 3769 patri
375 3697 500 3752 similem
520 3695 634 3765 (ὅμοιον)
654 3711 719 3750 esse
741 3697 891 3750 statuitur.
1000 3693 1066 3749 ³In
1086 3697 1183 3766 prima
1202 3697 1335 3751 sessione
1355 3697 1474 3751 concilii

276 3782 419 3853 Ephesini
439 3781 488 3836 die
501 3780 544 3835 22.
554 3782 630 3834 iunii
647 3781 751 3834 habita
773 3781 823 3834 198
836 3782 970 3851 episcopi
983 3780 1154 3835 Nestorium
1170 3781 1347 3850 deposuere,
1363 3782 1474 3850 quibus

276 3869 364 3922 brevi
392 3873 528 3935 ternpore
561 3867 677 3935 aliquot
705 3865 755 3919 alii
787 3880 819 3919 se
855 3866 1071 3920 adiunxerant.
1126 3864 1255 3934 Prosper
1282 3861 1402 3933 (Chron.
1434 3865 1474 3919 ad

277 3967 303 4006 a.
331 3949 396 4018 431)
422 3952 480 4005 ita:
513 3949 708 4020 Congregata
735 3950 818 4018 apud
847 3951 999 4020 Ephesum
1027 3950 1095 4019 plus
1125 3951 1325 4005 ducentorum
1356 3949 1473 4019 synodo

277 4036 471 4090 sacerdotnm
489 4034 646 4089 Nestorius
666 4050 734 4088 curn
753 4035 872 4089 haeresi
892 4035 1020 4088 nominis
1049 4037 1096 4088 sui
1125 4041 1155 4089 et
1183 4050 1250 4088 cnm
1270 4035 1371 4089 multis
1390 4034 1474 4089 Paia-

276 4121 385 4189 gianis,
405 4121 458 4189 qni
476 4125 640 4190 cognatum
654 4119 711 4173 sibi
725 4118 837 4190 dogma
849 4119 1008 4188 iuvabant,
1030 4119 1201 4173 damnatur.
1273 4115 1286 4154 ⁴
1304 4120 1473 4189 episcopos.
