3324 4866
718 593 748 647 11
759 593 831 649 a-s
850 584 951 662 (243).
1402 593 1436 647 rr

237 770 317 817 sana
341 771 438 818 sanus
461 757 558 833 atque
581 750 706 834 integer
728 769 925 836 permanere,
950 750 1071 836 duplici
1087 751 1182 818 modo
1199 752 1320 816 munire
1336 749 1440 816 fidem-

238 874 327 919 suam
351 854 500 920 dominor
523 852 698 918 adiuvante
715 852 857 935 deberet,
881 853 1038 940 primumb
1067 854 1191 920 scilieet
1203 853 1332 919 divinae
1355 853 1437 936 legis

238 958 461 1034 auetoritate1,
486 963 552 1020 tum
576 954 694 1020 deinde
719 955 876 1021 ecelesiae
900 955 1079 1022 eatholioae
1102 955 1287 1021 traditione.

345 1059 392 1138 (2)
420 1084 433 1121 2
457 1057 521 1122 Hie
549 1057 685 1122 forsitan
715 1058 857 1140 requirat
889 1058 1022 1140 aliquis:
1063 1058 1143 1124 Cum
1179 1059 1239 1123 sitc
1273 1058 1437 1143 perfectus

237 1161 465 1246 seripturarum
490 1179 592 1225 ennon
616 1155 764 1241 sibiqued
798 1158 840 1224 ad
865 1160 971 1225 omnia
994 1162 1072 1227 satis
1096 1180 1256 1245 superque
1279 1160 1435 1242 sufficiat,

238 1261 337 1345 quide
360 1283 439 1347 opus
464 1269 522 1350 est,
547 1267 582 1325 ut
606 1261 634 1326 ei
660 1262 900 1328 ecclesiastieae
924 1261 1166 1347 intellegentiae
1190 1262 1340 1347 iungatur
1363 1281 1436 1328 aue-

236 1364 373 1431 toritas?
428 1363 548 1441 eQuia
582 1361 735 1429 videlieet
770 1364 961 1448 scripturam
999 1385 1124 1430 sueram
1162 1385 1221 1449 pro
1260 1365 1332 1448 ipsa
1370 1361 1444 1428 suif

236 1465 407 1532 altitudine
430 1486 494 1531 non
518 1485 580 1530 uno
604 1463 781 1547 eodemque
805 1485 899 1531 sensu
923 1465 1063 1532 universi
1080 1467 1254 1551 aeeipiunt,
1279 1465 1337 1532 sed
1355 1465 1435 1532 eius-

236 1567 308 1633 dem
344 1567 472 1650 eloquia
502 1566 595 1632 aliter
622 1575 720 1650 atque
750 1568 843 1632 aliter
866 1567 947 1633 alius
971 1575 1068 1651 atque
1092 1568 1173 1634 alius
1196 1568 1435 1652 interpretatur,

235 1677 270 1735 ut
303 1690 414 1757 paene,
451 1666 546 1752 quotf
572 1668 716 1735 homines
740 1675 823 1750 sunt,
859 1675 908 1735 tot
930 1670 1019 1736 illine
1048 1671 1227 1736 sententiae
1251 1671 1316 1735 erui
1342 1689 1436 1755 posse

237 1770 416 1836 videantur.
463 1771 567 1836 Aliter
601 1790 739 1854 namque
774 1771 861 1836 illam
896 1771 1108 1854 Novatianus‚
1144 1773 1238 1838 aliter
1265 1772 1438 1858 Satellius,

235 1875 329 1940 aliter
351 1875 518 1940 Donatus²
542 1875 684 1959 exponit,
721 1874 817 1938 aliter
840 1875 962 1956 Arrius,
998 1875 1183 1954 Eunomius,
1216 1874 1435 1958 Macedonius,

235 1977 328 2042 aliter
367 1977 555 2059 Plotinum,
595 1975 801 2061 Apollinaris,
837 1976 1067 2060 Priscillianus,
1107 1978 1201 2042 aliter
1235 1978 1434 2056 Joviuianus,

234 2080 396 2164 Pelagius,
422 2079 611 2161 Caelestius,
636 2079 729 2143 aliter
753 2085 915 2163 postremo
931 2079 1107 2147 Nestorius.
1155 2105 1168 2144 4
1191 2081 1298 2163 Atque
1314 2079 1437 2146 ideireo

233 2182 367 2246 multum
383 2201 515 2247 neeesse
531 2187 581 2246 est
604 2186 735 2265 propter
758 2186 865 2247 tantos
889 2187 955 2246 tam
972 2182 1052 2247 varii
1069 2183 1185 2248 erroris
1201 2182 1376 2266 anfractus,
1400 2189 1436 2247 nt

234 2284 501 2374 propheticae&
523 2283 723 2369 apostolieae
746 2283 1021 2368 interpretationis
1037 2285 1122 2349 linea
1138 2283 1311 2350 seeundum
1337 2285 1437 2351 eoele-

234 2386 356 2452 siastiei
380 2394 412 2452 et
436 2377 588 2451 catholici
611 2404 723 2451 sensus
747 2405 889 2451 normam
914 2385 1081 2470 dirigatur.

340 2489 386 2575 (3)
409 2515 422 2554 s
442 2491 480 2553 ln
503 2490 575 2574 ipsa
597 2489 674 2554 item
701 2488 861 2553 catholiea
885 2489 1024 2556 eeclesia
1047 2511 1243 2576 magnopere
1260 2491 1436 2556 curandum

234 2598 293 2675 est,
317 2598 353 2657 ιιι
376 2591 410 2656 id
433 2599 608 2672 teneamus,
637 2589 723 2672 quod
747 2591 875 2674 ubique,
906 2591 992 2673 quod
1015 2611 1151 2677 semper,
1185 2592 1271 2675 quod
1303 2593 1344 2658 ab
1369 2613 1434 2658 om-

393 2821 539 2964 ssdeolss.
595 2823 755 2894 bprimos.
829 2824 964 2890 c>Pit
1039 2825 1189 2882 isibiPi.
1264 2825 1435 2898 eqooupr.

424 2926 483 2965 sue
524 2948 530 2961 .

353 3115 364 3153 ¹
393 3118 433 3172 At
461 3119 629 3174 seeundum
658 3119 892 3190 Tertullianum,
926 3121 972 3176 De
1006 3136 1139 3191 praescr.
1170 3121 1274 3174 16-19
1299 3136 1360 3175 hort
1392 3123 1435 3176 aci

232 3201 406 3270 scripturos
420 3207 656 3273 provocandum
675 3207 718 3261 eat
736 3222 789 3260 hee
808 3204 843 3260 iri
862 3205 910 3261 his
938 3205 1185 3262 constituendum
1212 3210 1371 3275 certamem,
1400 3204 1435 3260 ira

233 3285 345 3356 quibes·
375 3289 430 3342 aut
456 3289 543 3342 arella
571 3291 626 3343 aret
653 3289 771 3344 ineerta
799 3289 929 3346 viatoria
955 3294 998 3346 est
1018 3292 1072 3345 aut
1086 3306 1203 3359 param
1222 3293 1303 3346 certa
1323 3295 1358 3355 (e.
1380 3292 1433 3358 19).

230 3369 486 3442 2Intellegentiae
508 3379 626 3428 estant
647 3374 696 3429 ille
715 3374 863 3443 Donatus,
884 3378 936 3446 qni
965 3377 1023 3430 ruit
1053 3377 1214 3446 episeopus
1234 3375 1318 3431 Oasis
1337 3377 1434 3445 nigris

231 3458 262 3532 in
281 3456 432 3526 Numidia,
461 3456 515 3527 qui
544 3459 580 3512 de
599 3457 752 3514 Numidia
780 3458 903 3516 veniens
932 3463 959 3516 et
987 3463 1095 3516 eontra
1120 3459 1327 3516 Caecilianum
1356 3458 1434 3515 oltri-

231 3540 367 3596 sticmam
387 3539 531 3597 divideres
545 3543 663 3611 piebem
681 3543 840 3600 adiunctis
858 3543 919 3600 sibi
943 3545 1078 3600 eiusdem
1105 3543 1255 3615 factionis
1283 3542 1434 3613 episeopis

231 3624 425 3698 Maiorianum
454 3629 540 3696 apud
571 3626 789 3698 Carthaginem
817 3627 975 3684 ordinavit
1003 3633 1189 3699 episcopam,
1221 3634 1274 3683 aut
1293 3629 1435 3683 Donatus

230 3710 370 3780 Magnus,
400 3713 453 3781 qui
481 3711 629 3766 Maiorino
659 3714 690 3766 iu
720 3714 899 3782 episcopatu
925 3714 1170 3784 Carthaginiensi
1198 3716 1350 3778 suecessit,
1379 3695 1436 3783 aiei

230 3794 404 3864 eloquentia
432 3812 490 3851 aaa
522 3795 567 3851 sie
595 3796 787 3866 confirmavit
814 3799 894 3854 hane
912 3797 1069 3866 haeresim,
1089 3797 1231 3854 etmulti
1251 3797 1436 3864 existiment,

225 3882 356 3949 propter
374 3879 479 3949 ipsum
497 3879 601 3950 potius
621 3881 862 3938 eosDoreatisias
885 3882 990 3939 vocari
1001 3882 1150 3952 (August,
1170 3883 1216 3938 De
1241 3885 1357 3938 haeres.
1378 3883 1435 3948 69).

229 3961 242 4000 ³
268 3965 326 4018 Hie
355 3968 515 4036 episeopus
540 3967 718 4035 sirmiensis,
748 3970 800 4037 qui
820 3966 970 4024 Christum
994 3985 1111 4024 merum
1139 3969 1291 4024 hominem
1320 3970 1434 4024 divinis

230 4050 395 4104 virtutibus
414 4050 586 4120 praeditum
606 4054 636 4105 et
655 4067 673 4105 a
694 4051 749 4106 deo
769 4053 947 4122 adoptatum
968 4053 1174 4124 praedicabat,
1204 4070 1259 4123 per
1285 4054 1433 4123 synodum

230 4131 423 4189 sirmiensem
451 4151 532 4190 anno
560 4137 612 4190 351
639 4137 677 4190 ab
708 4138 887 4207 episcopatu
915 4145 1046 4194 remotus
1072 4154 1154 4193 anno
1183 4139 1236 4193 376
1264 4140 1295 4193 in
1326 4139 1431 4194 exsilio

229 4224 356 4274 mortem
378 4221 513 4289 obpetiit.
