3324 4866
709 521 795 579 XXX
814 524 893 579 1-4.
1368 521 1403 579 65

209 685 346 770 deesset,
370 687 488 752 etiama
511 687 640 752 nomina
663 692 695 752 et
718 705 882 752 numerum
907 723 950 733 -
973 687 1049 751 licet
1072 683 1217 751 ordinem
1232 685 1402 752 fuissemus

207 790 297 855 obliti
321 825 364 836 -
389 788 548 854 edidimus
571 809 678 855 eorum
703 795 842 874 patrum,
873 789 965 853 iuxta
993 785 1148 870 quorumb
1180 785 1300 853 ibidem
1331 807 1403 852 con·

209 893 367 958 cinentem
402 892 464 957 sibi
499 890 753 973 concordemque
789 890 980 956 sententiam
1016 896 1049 955 et
1083 890 1164 974 legis
1196 909 1308 956 sacrae
1331 910 1404 974 pro-

207 993 315 1077 loquia
339 993 487 1078 exposita
510 999 593 1076 sunt,
617 999 650 1058 et
675 991 776 1057 divini
800 991 963 1076 dogmatis
986 991 1098 1074 regula
1115 991 1321 1057 constabilita
1344 999 1403 1075 est,

206 1116 286 1177 quos
310 1095 351 1160 ad
378 1095 632 1162 confirmandam
656 1096 840 1160 memoriam
865 1094 919 1160 hic
942 1113 1069 1177 quoque
1093 1113 1259 1160 recensere
1289 1113 1405 1176 nequa·

205 1218 300 1281 quam
323 1198 520 1283 superfluum
543 1204 602 1264 est.

266 1387 375 1454 XXX.
422 1391 548 1456 Decem
570 1391 721 1455 atrorum
745 1398 918 1475 tamquam
941 1391 1075 1455 tertiam
1096 1390 1225 1476 scripta
1248 1389 1285 1454 ia
1309 1409 1346 1454 eo

595 1493 733 1558 concillo
757 1495 900 1558 recitata
922 1500 1011 1559 caat.

315 1630 397 1697 Sunt
421 1651 497 1716 ergo
521 1632 554 1697 hi
579 1631 650 1716 viri,
687 1653 818 1715 quorum
854 1634 888 1698 in
921 1632 976 1698 illo
1007 1632 1144 1698 concilio
1167 1631 1220 1698 vel
1243 1637 1406 1715 tamquam

211 1733 351 1799 iudicum
376 1735 448 1800 uele
471 1741 633 1818 tamquam
658 1737 786 1802 testium
809 1737 930 1821 scripta
953 1734 1090 1802 recitata
1122 1741 1210 1801 sunt:
1240 1760 1253 1800 r
1277 1742 1407 1802 sanctus

211 1837 335 1921 Petrus,
360 1837 597 1906 Alexandrinus
621 1839 801 1924 episcopus,
825 1837 938 1905 doctor
961 1837 1254 1923 praestantissimus
1277 1843 1310 1904 et
1326 1859 1407 1903 mar·

209 1949 260 2024 tyr
289 1939 529 2022 beatissimus¹;
566 1936 720 2007 sanatus(l
754 1939 961 2025 Athanasius,
998 1939 1141 2006 eiusdem
1177 1940 1318 2006 civitatis
1352 1960 1406 2004 an·

207 2042 308 2125 tistes,
333 2043 486 2126 magister
509 2041 716 2110 fidelissimus
740 2049 772 2108 et
788 2044 953 2110 confessor
968 2044 1251 2126 eminentissimum
1276 2049 1407 2110 sanctus

209 2144 407 2230 Theophilus
418 2147 441 2229 ²,
466 2144 609 2212 eiusdem
630 2147 707 2211 item
730 2147 817 2213 urbis
834 2147 1014 2232 episcopus,
1038 2147 1087 2211 vir
1102 2145 1172 2212 fide
1188 2147 1256 2213 vita
1271 2145 1407 2213 scientia

209 2247 288 2312 satis
312 2248 428 2329 clarus,
453 2248 503 2312 cui
528 2249 684 2315 successit
707 2246 909 2314 venerandus
926 2247 1076 2333 Oyru'llus,
1101 2248 1155 2331 qui
1172 2267 1256 2313 nunc
1269 2246 1408 2313 Alexan·

211 2349 335 2414 drinam
360 2350 507 2416 inlustrat
531 2351 711 2417 ecclesiam.
758 2376 771 2416 a
794 2350 837 2416 Et
860 2370 901 2417 ne
925 2349 1064 2416 forsitan
1086 2350 1180 2418 unius
1202 2349 1345 2417 civitatis
1368 2371 1408 2416 ac

209 2451 396 2536 provinciae
421 2451 585 2518 doctrina⁰
610 2452 690 2519 haec
719 2457 896 2538 putaretur,
932 2452 1080 2519 adhibita
1113 2460 1188 2520 sunt
1223 2454 1320 2520 etiam
1353 2453 1409 2518 illa

209 2553 438 2640 Cappadociae
462 2555 593 2639 lumina,
616 2562 746 2621 sanctus
770 2555 952 2639 Gregorius,
987 2557 1157 2641 episeopus
1187 2561 1220 2622 et
1243 2555 1409 2622 confossor

209 2656 250 2722 de
280 2657 310 2724 N
313 2657 443 2724 azianzo
451 2653 471 2741 f,
507 2663 638 2724 sanctus
662 2656 811 2740 Basilius,
847 2657 1027 2724 Caesareae
1055 2656 1310 2744 Cappadocum8
1345 2659 1409 2743 epi-

210 2779 327 2844 scopus
362 2767 395 2826 et
430 2760 604 2844 confessor,
641 2766 770 2826 sanctus
804 2760 880 2826 item
914 2761 995 2826 alter
1028 2761 1212 2846 Gregorius,
1243 2762 1409 2847 Nyssenus

212 2863 393 2948 episcopus,
428 2862 509 2930 fidei
534 2863 785 2930 conversationis
808 2863 1006 2948 integritatis
1038 2871 1070 2931 et
1093 2865 1272 2950 sapientiae
1294 2863 1409 2930 merito

210 2964 311 3031 fratre
334 2965 455 3032 Basilio
480 2965 696 3052 dignissimus.
742 2964 845 3032 asad
880 2985 921 3031 ne
953 2966 1022 3033 sola
1046 2966 1184 3034 Graecia
1216 2973 1272 3033 aut
1304 2965 1410 3035 oriens

210 3073 345 3151 tantum,
369 3087 479 3133 rerum
504 3068 600 3134 ctiam
624 3066 836 3134 occidentalis
864 3074 897 3134 et
929 3067 1047 3133 latinus
1082 3068 1168 3134 orbis
1202 3067 1249 3134 ita
1284 3087 1411 3152 semper

210 3171 348 3236 sensisse
372 3169 616 3256 adprobaretur,
640 3171 744 3236 lectae
768 3175 841 3236 sunt
866 3189 992 3253 quoque
1014 3171 1061 3236 ihi
1084 3169 1242 3254 quaedam
1259 3170 1302 3236 ad
1318 3189 1410 3254 quos·

211 3272 284 3337 dam
320 3271 478 3356 epistulae
513 3271 616 3338 saneti
640 3272 759 3339 Felicis
793 3273 944 3356 martyris
979 3280 1012 3338 et
1046 3273 1151 3340 sancti
1178 3271 1288 3352 Jnliil,
1323 3273 1410 3339 urbis

373 3451 513 3505 acamb.
586 3447 858 3513 reordinatos.
931 3447 1210 3514 eiua.va>1³⁸.
1284 3447 1410 3512 d>Pe

372 3534 560 3591 ⁰doctm'aac
579 3551 602 3590 s.
711 3533 945 3591 fdemanzaada
969 3538 1015 3592 vel
1033 3539 1166 3592 aaaabos
1186 3535 1272 3604 ΡΗ,
1291 3540 1329 3593 de
1347 3536 1410 3594 Na-

371 3620 470 3675 aaado
488 3621 535 3676 vel
554 3619 695 3675 Naeaaao
714 3635 736 3674 s.
810 3629 827 3671 ε
844 3621 888 3674 ita
906 3618 997 3689 ΡΗ,
1018 3619 1232 3692 Cappadociae
1252 3622 1306 3678 sbi

318 3781 329 3818 ¹
353 3782 462 3838 Petrus
490 3783 562 3837 inde
590 3781 629 3835 ab
656 3796 735 3834 anno
764 3781 818 3836 300
844 3783 902 3836 luit
933 3784 1095 3853 episcopus
1123 3781 1349 3838 Alexandrinus
1380 3787 1412 3840 et

212 3873 328 3938 martyr
349 3868 491 3922 occubuit
511 3882 590 3921 anno
610 3866 671 3930 311,
699 3867 774 3920 assor
800 3866 953 3922 ἐπισκόπων
979 3875 1070 3937 χρῆμα
1097 3869 1159 3938 βίου
1177 3867 1270 3939 ἀρετῆς
1288 3889 1315 3922 τε
1333 3869 1412 3924 εἵνεκα

211 3952 256 4006 καὶ
274 3961 320 4022 τῆς
339 3960 392 4006 τῶν
411 3955 490 4022 ἱερῶν
508 3953 595 4022 λόγων
614 3952 802 4021 συνασκήσεως
820 3952 911 4021 (Eua,
930 3952 967 4007 H.
987 3969 1011 4007 e.
1030 3951 1074 4006 IX
1092 3952 1117 4020 6,
1137 3952 1173 4020 2).
1284 3951 1411 4011 ''Pheo-

213 4037 320 4105 philus,
349 4037 510 4108 episcopus
528 4036 756 4092 Alexandrinus
784 4037 872 4090 annis
898 4037 1049 4105 aaa-412,
1077 4037 1135 4092 fuit
1153 4036 1304 4094 Johannis
1322 4035 1412 4110 Chry·

212 4123 335 4176 sostomi
355 4121 556 4176 adversarius.
629 4118 641 4157 ³
659 4122 743 4176 Felix
763 4121 785 4178 l.
805 4137 852 4192 ep.
871 4121 1026 4177 Romanus
1039 4123 1097 4176 luit
1109 4121 1260 4192 ata-274,
1279 4123 1378 4180 Julius
1389 4125 1411 4180 Ι.

267 4307 441 4373 Rauschen,
456 4307 622 4360 Florileglum
637 4309 666 4352 V.
1196 4293 1213 4348 5
