3324 4866
244 562 282 616 60
691 559 819 614 XXVIII
838 560 908 614 5-9
928 559 995 627 (40).

247 718 353 800 Atque
389 716 462 782 idco
495 736 710 800 quascumque
745 716 817 782 illas
847 715 1044 798 antiquiores
1068 715 1119 779 vel
1153 713 1361 778 schismatum
1396 711 1449 776 vel

247 819 659 904 haereseonprofanitates
682 819 769 884 nullo
793 816 887 883 modo
912 837 969 883 nos
993 823 1120 901 oportet
1143 816 1203 881 nisi
1228 822 1284 880 aut
1307 815 1386 897 sola,
1421 815 1448 878 si

247 942 327 1007 opus
361 929 419 1004 est,
455 923 683 1007 scripturarum
711 921 904 986 anctoritate
935 920 1157 1002 convincere¹‚
1193 925 1248 983 ant
1273 924 1361 982 certe
1384 918 1448 982 iarn

246 1024 423 1106 antiquitus
455 1022 688 1089 universalibus
716 1021 919 1088 sacerdotum
951 1021 1181 1086 catholicorum
1206 1019 1351 1085 conciliis
1375 1039 1450 1085 con-

249 1127 352 1193 victas
385 1125 617 1208 damnatasque
650 1126 764 1190 vitare.
810 1125 962 1206 altaque
991 1143 1062 1188 cum
1086 1123 1222 1207 primunr
1246 1121 1322 1186 mali
1348 1123 1448 1186 cnius-

248 1249 309 1313 que
338 1229 454 1294 erroris
481 1227 618 1314 putredo
652 1247 818 1312 erumpere
847 1227 999 1312 coeperit,
1034 1233 1066 1291 et
1090 1225 1132 1290 ad
1156 1225 1375 1291 defensionem
1400 1225 1449 1290 sni

250 1331 410 1415 quaedam
434 1339 568 1397 sacrae*
598 1330 679 1414 legis
703 1331 803 1396 verba
826 1330 927 1395 iurari
952 1349 1054 1412 eaque
1078 1327 1240 1393 fallaciter·
1264 1334 1296 1393 et
1320 1326 1450 1392 frandu-

249 1436 350 1500 lentcr
374 1454 545 1518 exponere,
570 1434 679 1498 statim
703 1432 945 1518 interpretando
968 1432 1083 1497 canoni
1098 1432 1253 1496 maiorum
1270 1430 1450 1496 sententiae

249 1537 495 1622 congregandae
519 1543 601 1617 sunt,
627 1537 741 1619 quibus
765 1534 854 1617 illud,
880 1534 1103 1617 quodcumque
1122 1542 1274 1618 exsurget
1289 1533 1450 1597 novimum

248 1639 385 1722 ideoque
409 1641 589 1725 profanum,
613 1646 645 1704 et
669 1639 790 1722 absque
814 1639 880 1703 nlla
904 1639 1041 1720 ambage
1065 1636 1219 1721 prodatur
1243 1642 1275 1701 et
1299 1636 1367 1700 sine
1385 1634 1451 1698 nlla

248 1742 478 1808 retractatione
495 1741 675 1807 damnetur.
710 1767 722 1805 s
739 1741 805 1806 Sed
822 1760 930 1805 eorum
948 1739 1116 1804 dumtaxat
1133 1744 1259 1823 patrum
1272 1737 1450 1803 sententiae

250 1844 465 1911 conferendae
489 1850 572 1925 sunt,
606 1843 671 1926 qui,
701 1844 733 1907 in
757 1841 825 1909 lide
855 1849 887 1907 ct
911 1843 1131 1907 communione
1156 1839 1316 1905 catholica
1340 1846 1451 1903 sancte

249 1949 412 2032 saplenter
436 1953 619 2012 constanter
643 1947 789 2012 viventes
813 1945 966 2010 docentes
990 1950 1023 2009 et
1046 1950 1279 2029 permanentes,
1304 1942 1355 2006 vel
1371 1941 1451 2005 mori

249 2050 281 2114 in
306 2049 433 2115 Christo
457 2047 600 2114 fideliter
623 2048 675 2113 vel
699 2047 804 2113 occidi
828 2067 886 2132 pro
903 2047 1029 2112 Christo
1049 2042 1213 2111 feliciterb
1236 2044 1450 2109 merneruntl⁸
1543 2029 1546 2036 “

250 2179 261 2217 r
286 2151 408 2230 Quibus
432 2159 539 2216 tamen
564 2149 626 2216 hac
642 2151 714 2234 lege
732 2148 925 2215 credendum
943 2155 1001 2232 est,
1026 2154 1071 2231 ut,
1096 2147 1252 2231 quidquid
1269 2147 1321 2211 vel
1342 2165 1452 2211 omnes

250 2256 301 2320 vel
314 2256 421 2339 plnres
436 2274 499 2319 nuo
512 2252 689 2336 eodemque
706 2272 799 2317 sensu
816 2251 984 2316 manifeste
1001 2251 1185 2333 frequenter·
1198 2255 1451 2334 perseveranter,

252 2359 339 2423 velut
356 2356 495 2439 quodam
513 2356 753 2421 consentiente⁰
777 2354 839 2420 sibi
856 2355 1080 2438 magistrorum
1097 2353 1243 2434 concili0,
1261 2348 1451 2437 accipiendo

250 2459 390 2525 tenendo
415 2457 573 2524 tradendo
597 2457 809 2539 firmaverint,
843 2457 877 2521 id
901 2477 958 2540 pro
982 2456 1163 2521 indubitato
1194 2462 1282 2520 certo
1316 2460 1451 2536 ratoque

250 2562 421 2643 habeatur3
438 2587 451 2626 s
468 2559 624 2643 quidquid
641 2579 726 2640 vero,
745 2559 890 2642 quamvis
905 2558 959 2622 ille
975 2565 1104 2623 sanctus
1117 2564 1150 2622 et
1163 2557 1288 2637 doctus,
1306 2555 1452 2639 quamvis

250 2665 431 2750 episcopos,
456 2665 602 2746 quamvis
619 2661 784 2728 confessor
800 2669 832 2725 et
848 2668 980 2746 martyr,
1005 2668 1133 2746 praeter·
1149 2680 1259 2725 omnes
1275 2665 1330 2724 ant
1355 2659 1453 2724 etiarn

252 2773 364 2832 contra
387 2786 496 2832 omnes
520 2766 664 2845 senserit,
695 2763 729 2829 id
753 2765 837 2828 inter
860 2765 1006 2849 proprias
1029 2769 1062 2829 et
1086 2764 1229 2828 occultas
1253 2772 1285 2828 et
1308 2760 1454 2846 privatas

250 2870 472 2955 opiniunculas
495 2889 515 2933 a
540 2868 713 2933 communis
738 2873 769 2932 et
793 2865 942 2952 publicae
974 2861 1035 2931 acd
1065 2865 1246 2949 generalise
1275 2863 1453 2929 sententiae

252 2973 444 3038 anctoritate
474 2978 631 3036 secretum
655 2969 706 3052 sit,
730 2966 789 3034 nef
811 2989 883 3034 cum
907 2989 1028 3033 summo
1053 2976 1204 3033 aeternae
1237 2966 1349 3032 salutis
1372 2965 1455 3050 peri·

252 3075 334 3157 culo,
368 3075 458 3139 iuxta
482 3072 673 3157 sacrilegam
698 3073 931 3137 baereticorum
955 3078 987 3135 et
1016 3070 1292 3136 schismaticorum
1324 3086 1455 3133 consue·

251 3177 406 3253 tudinem,
437 3176 627 3241 universalis
660 3174 821 3258 dogmatis
854 3174 987 3255 antiqua
1022 3174 1160 3238 veritate
1194 3171 1327 3236 dimissa
1362 3170 1455 3235 nnius

252 3279 390 3345 hominis
412 3279 573 3346 novicium
597 3285 754 3343 sectemur
778 3296 926 3341 errorem.

361 3383 429 3463 (40)
465 3407 477 3447 e
502 3379 643 3458 Quorum
672 3380 839 3445 beatorum
867 3386 994 3463 patrum
1022 3385 1167 3444 sanctum
1197 3377 1456 3457 catholicumque

252 3503 441 3549 consensum
476 3502 516 3547 ne
548 3481 619 3563 quis
642 3480 701 3546 sibi
727 3488 847 3545 temere
872 3479 1140 3545 contemnendum
1163 3479 1247 3544 forte
1271 3477 1455 3559 arbitretur,

253 3587 299 3650 ait-
332 3586 364 3649 in
400 3586 504 3670 prima
540 3583 582 3649 ad
606 3582 788 3650 Corinthios
822 3583 1001 3667 apostolus:
1048 3583 1095 3647 Et
1128 3583 1290 3667 quosdam
1323 3581 1456 3665 quidem

414 3746 429 3777 a
450 3732 535 3789 sacen
563 3730 630 3788 ΡΝ.
776 3731 940 3803 bfidelt'ter
959 3729 1008 3786 P3.
1153 3742 1167 3774 0
1191 3733 1389 3801 consequente
1407 3727 1457 3784 Pl.

414 3818 485 3884 d>
503 3817 583 3873 Ρῑ-4
601 3820 645 3873 sb.
753 3827 767 3859 θ
780 3815 991 3888 generalisque
1011 3815 1059 3872 P4.
1168 3815 1249 3870 fnec
1268 3819 1306 3870 si.

362 3958 372 3996 ¹
392 3957 488 4012 Aliter
508 3958 546 4011 de
565 3973 602 4012 ea
621 3975 654 4012 re
674 3957 766 4012 sentlt
785 3957 999 4024 Tertullianus,
1019 3955 1065 4010 De
1084 3970 1216 4025 praescr.
1236 3954 1279 4008 19.
1382 3952 1458 4007 ²lta

253 4045 345 4099 etiam
374 4043 578 4098 Tertullianus
606 4041 635 4108 (Ι.
654 4043 671 4094 l.
692 4042 733 4108 3):
763 4040 858 4095 Nemo
887 4041 930 4094 eat
957 4037 1088 4108 sapiens,
1112 4053 1199 4093 nemo
1233 4035 1342 4108 fidelis,
1370 4053 1458 4092 nemo

252 4127 355 4182 maior
374 4125 437 4182 na'st'
455 4123 660 4191 christianum
689 4141 777 4181 nemo
796 4126 898 4179 antem
916 4122 1115 4191 chrestianus,
1139 4120 1203 4178 nisi
1230 4121 1286 4193 qni
1306 4122 1348 4178 ad
1365 4123 1460 4193 finem

254 4226 352 4280 usqne
366 4208 617 4279 perseveraverit.
