3324 4866
737 552 821 607 XVII
843 553 922 607 5—7.
1397 553 1432 606 39

230 732 288 796 pro
312 713 439 778 nomine
462 711 643 778 dominicae
668 711 879 777 confessionis
902 712 1040 796 saepius,
1064 716 1100 775 ut
1115 709 1233 793 ferunt,
1258 710 1432 795 adfligere·

230 817 316 880 turll
362 815 505 897 sNeque
529 833 604 879 vcro
629 813 711 880 haec
734 813 767 878 in
790 813 845 878 illo
869 813 938 878 sola
955 819 1056 896 erant,
1082 833 1166 896 quae
1182 820 1299 879 cuncta
1317 821 1432 899 postea

229 916 434 1002 temptationi
463 916 579 998 forent,
615 915 673 982 sed
702 922 794 980 tanta
818 916 914 981 etiam
939 917 988 981 vis
1011 916 1142 1000 ingenii,
1178 921 1243 980 tam
1266 916 1431 1002 profundi,

228 1025 295 1085 tam
331 1020 425 1100 acris,
462 1025 527 1084 tam
561 1018 729 1103 elegantis,
768 1024 804 1083 ut
833 1038 943 1085 omnes
971 1038 1076 1103 paene
1103 1019 1235 1083 multum
1271 1018 1431 1102 longeque

228 1128 428 1207 superarem,
461 1128 553 1186 tanta
586 1120 752 1186 doctrinae
780 1141 819 1186 ac
844 1122 941 1187 totius
964 1121 1153 1187 eruditionis
1176 1121 1432 1205 magnificentia,

228 1230 265 1289 ut
287 1244 394 1309 pauca
417 1223 523 1289 forent
538 1223 703 1306 divinaeb,
727 1231 850 1307 paene⁰
873 1223 1010 1288 fortasse
1026 1219 1137 1288 nulla<1
1154 1223 1312 1288 humanae
1331 1222 1432 1308 philo

229 1326 374 1411 sophiae,
410 1345 493 1408 quae
522 1345 586 1391 non
616 1325 745 1410 penitus
776 1323 1021 1407 adsequeretur;
1057 1326 1147 1390 curius
1173 1324 1330 1391 scientiae
1360 1345 1431 1390 cum

230 1449 351 1512 graeca
374 1428 621 1511 concederem,
655 1427 796 1494 hebraea
824 1447 951 1511 quoque
983 1428 1149 1495 elaborata
1173 1431 1274 1495 sunt¹.
1322 1430 1432 1496 eElo-

229 1533 394 1614 quentiam
422 1551 499 1597 vero
532 1530 610 1614 quid
642 1550 824 1613 memorem,
861 1531 951 1596 cuius
986 1530 1048 1596 fuit
1083 1538 1148 1596 tam
1184 1551 1330 1615 amoena,
1365 1540 1433 1598 tam

234 1634 341 1700 lactea
350 1630 368 1710 ¹,
392 1640 458 1699 tam
482 1631 585 1698 dulcis
610 1633 723 1715 oratio,
748 1639 784 1697 ut
807 1631 884 1697 milri
908 1653 949 1698 ex
972 1653 1029 1698 ore
1052 1633 1154 1718 ipsius
1170 1655 1233 1700 non
1250 1640 1315 1700 tam
1332 1636 1432 1700 verba

230 1755 324 1818 quam
361 1735 456 1801 mella
486 1734 644 1816 quaedam
675 1733 809 1801 fluxisse
839 1734 1022 1802 videantur!
1070 1734 1160 1813 Quae
1188 1756 1252 1802 non
1284 1735 1339 1802 ille
1362 1757 1433 1822 per·

228 1858 326 1904 suasu
349 1837 501 1902 difficilia
524 1835 711 1922 disputandi
727 1837 849 1903 viribus
865 1836 1068 1923 elimpidavit
1077 1841 1100 1915 ³,
1124 1858 1207 1921 quae
1223 1839 1313 1904 factu
1330 1838 1434 1905 ardua

227 1961 301 2018 non,
327 1947 361 2006 ut
384 1939 541 2005 facillima
564 1939 759 2022 viderentur,
796 1939 934 2005 effecit?
980 1967 992 2006 a
1017 1940 1083 2006 Sed
1107 1940 1241 2006 forsitan
1266 1961 1434 2026 argumen-

228 2051 332 2108 torum
356 2040 577 2108 tantummodo
601 2041 736 2107 nexibus
759 2041 959 2108 adsertiones
976 2063 1051 2108 suas
1067 2043 1193 2109 texuit?
1216 2045 1318 2108 Immo
1336 2045 1432 2129 plane

227 2165 321 2212 nemo
359 2164 510 2227 umquam
545 2146 770 2228 magistrorum
807 2144 880 2228 fuit,
920 2145 974 2227 qui
1006 2145 1151 2230 pluribus
1186 2144 1316 2211 divinae
1350 2146 1432 2230 legis

227 2254 371 2313 uteretur
394 2245 560 2331 exemplis.
610 2244 684 2333 Sed,
710 2245 817 2328 credo,
842 2267 947 2331 pauca
971 2247 1186 2332 conscripsit?
1225 2248 1327 2316 Nemo
1352 2269 1432 2313 mor·

227 2350 339 2415 talium
360 2350 462 2435 plura,
486 2356 522 2414 ut
545 2348 623 2414 mihi
647 2369 706 2416 sua
722 2351 829 2415 omnia
845 2370 908 2414 non
924 2350 1025 2416 solum
1042 2351 1182 2431 nontf)t
1202 2347 1349 2436 perlegih
1372 2350 1431 2416 sed

227 2473 268 2518 ne
303 2448 452 2518 inveniri¹
488 2450 617 2534 quidem
653 2471 748 2537 posse
793 2451 972 2534 videantur,
1010 2455 1072 2534 cui,
1106 2473 1145 2519 ne
1182 2454 1353 2536 quicquam
1388 2452 1432 2519 ad

227 2554 381 2620 scientiae
394 2554 605 2620 instrumenta
621 2552 759 2636 deesset,
776 2554 872 2619 etiam
891 2554 1057 2638 plenitudo
1071 2545 1292 2620 exabundavit
1303 2558 1431 2620 aetatis.

389 2755 576 2826 §superarat
595 2772 616 2810 s.
689 2755 834 2812 butema
853 2754 942 2811 ΡΗ.
1024 2764 1087 2821 0>
1105 2755 1154 2811 P4.
1250 2755 1390 2812 duellae
1409 2770 1432 2810 s.

390 2840 520 2906 errabi,
540 2841 759 2895 concederent
779 2837 866 2906 P1-³,
894 2856 958 2894 nort
977 2841 1132 2896 crederent
1151 2839 1199 2908 P4,
1230 2839 1342 2896 Graeci
1370 2855 1432 2894 noa

389 2926 544 2979 crederent
563 2941 585 2980 s.
722 2922 735 2965 f
758 2925 839 2979 laeta
858 2940 880 2979 s.
971 2934 988 2976 s
1014 2925 1057 2980 ita
1076 2923 1163 2992 P1-4,
1182 2932 1219 2988 >
1236 2941 1262 2994 s3
1282 2925 1432 2980 luelicher

392 3011 571 3080 particulam
590 3027 653 3066 aon
673 3013 761 3066 eiecit
785 3019 909 3081 propter
935 3027 959 3066 c.
979 3010 1005 3080 9,
1024 3012 1049 3078 9,
1075 3012 1158 3066 haud
1187 3013 1248 3066 scio
1277 3017 1431 3064 annecte.

396 3093 595 3165 hpcrlepicse
615 3111 637 3149 s.
711 3093 720 3136 ¹
740 3094 878 3150 invenire
896 3093 944 3148 1³⁸.

334 3263 344 3301 ¹
376 3264 539 3335 Origenem
574 3266 606 3319 in
638 3267 850 3336 persecutione
881 3267 968 3320 Decii
1004 3267 1036 3319 in
1068 3281 1220 3320 carcerem
1254 3268 1432 3332 coniectum,

227 3349 333 3404 eculeo
365 3350 538 3419 inpositum,
563 3351 644 3420 ignis
672 3352 770 3405 minas
800 3351 980 3419 reliquaque
1008 3359 1158 3405 tormenta
1181 3351 1300 3404 fortiter
1327 3351 1432 3405 tulisse

226 3440 330 3489 narrat
350 3435 508 3502 Eusebius,
526 3435 563 3488 H.
582 3451 607 3490 e.
627 3435 668 3490 Vl
688 3436 731 3504 39,
751 3435 776 3490 5.
867 3433 880 3471 ἵ
898 3435 1038 3490 Studium
1058 3437 1204 3491 scientiae
1221 3439 1251 3490 in
1277 3452 1313 3490 eo
1333 3438 1432 3490 maius

226 3521 302 3586 erat,
322 3534 413 3588 quam
432 3523 467 3573 ut
480 3534 612 3588 graecae
632 3520 751 3575 litterae
771 3521 799 3574 ei
819 3521 995 3575 satisfacere
1015 3526 1152 3591 possent3
1179 3522 1284 3590 itaque
1312 3521 1352 3574 ad
1379 3521 1428 3574 he-

227 3605 321 3658 braea
342 3619 463 3673 quoque
484 3604 629 3658 discenda
648 3609 679 3659 et
698 3605 908 3659 elucubranda
927 3620 960 3658 se
980 3605 1120 3673 contulit3
1140 3606 1192 3660 cfr.
1211 3604 1432 3674 Hieronymum

227 3688 283 3752 (De
303 3689 358 3744 vir.
377 3690 427 3743 inl.
447 3688 509 3756 54)=
538 3686 613 3752 Quis
632 3691 734 3744 autem
752 3687 885 3760 ipaorat
906 3690 989 3759 quod
1010 3691 1129 3745 toruum
1147 3687 1288 3744 babuerat
1306 3688 1341 3744 in
1359 3688 1432 3745 acad-

224 3770 329 3842 ptura’e
357 3771 475 3828 coactis
507 3770 614 3838 studii,
644 3775 679 3827 ut
707 3772 799 3829 etiam
827 3774 988 3828 hebraeam
1016 3772 1158 3845 linquam
1185 3774 1292 3829 contra
1320 3773 1431 3830 aetatis

226 3855 385 3929 paratisque
404 3873 478 3913 suae
497 3861 645 3912 acturam
664 3856 830 3913 edisceret?
866 3858 1116 3914 Inlustrissimum
1135 3859 1226 3912 huius
1247 3874 1359 3928 operae
1370 3859 1432 3914 Ori

228 3943 316 4011 genis
336 3945 566 3996 monumentum
585 3943 643 3997 fuit
662 3943 772 4012 ingens
791 3942 865 3996 illud
886 3944 1040 4011 volumen,
1069 3944 1117 3996 cui
1138 3957 1247 3997 nomen
1267 3946 1334 3997 erat
1352 3944 1432 3998 Hex-

226 4026 303 4095 apla.
343 4026 382 4081 At
400 4027 569 4081 notandum
589 4032 646 4095 est,
664 4027 781 4082 nonita
794 4028 922 4082 multum
934 4027 1098 4099 Origenem
1111 4029 1144 4082 in
1160 4028 1268 4083 studiis
1282 4029 1432 4084 hebraicis

226 4113 400 4181 profecisse,
420 4112 451 4166 id
472 4113 552 4181 quod
572 4115 639 4182 ipse
658 4119 764 4167 narrat
782 4113 879 4178 (Hom.
899 4115 931 4167 in
950 4114 1038 4170 Num.
1057 4113 1099 4182 14,
1121 4113 1149 4168 1:
1178 4112 1267 4169 aiunt
1287 4130 1358 4186 erpo
1378 4113 1433 4184 qui

225 4195 387 4251 hebraicos
405 4196 523 4252 litterae
542 4199 661 4268 tapam,-
682 4197 716 4253 In
736 4197 812 4254 Gen.
833 4199 875 4266 12,
897 4199 931 4263 1).
1005 4196 1245 4254 ⁸conlustravit.
