3324 4866
704 539 733 594 X
752 540 822 594 1-6
840 539 907 607 (lb).
1374 539 1409 595 ab

205 781 248 845 X.
294 779 380 848 ‘Ocr
413 781 584 846 interdum
619 780 732 846 divino
755 782 974 866 providentia
1003 783 1166 866 quosdam
1194 782 1409 848 eccleciarcm

208 885 385 969 mapiatroa
409 905 496 948 aona
523 883 689 967 quaedam
712 884 871 968 dopmctc
890 885 1094 968 praedicare
1116 885 1281 969 patiatur,
1305 904 1410 950 ccccc

410 994 467 1068 eat,
492 993 688 1072 attemptet
711 1007 769 1051 voc
792 987 949 1052 dominas
971 986 1052 1052 deca
1074 987 1208 1051 vecter’.

316 1138 384 1218 (15)
407 1137 473 1202 Sed
491 1137 599 1204 dicetl
622 1137 756 1221 aliquis:
782 1138 845 1204 Cur
869 1159 947 1222 ergo
962 1158 1117 1224 persaepe
1134 1138 1289 1205 divinitus
1304 1139 1409 1204 sinun-

207 1248 259 1307 tur
294 1241 489 1307 excellentes
523 1240 683 1324 quaedam
707 1259 866 1326 personae
895 1243 929 1306 in
962 1241 1100 1308 ecclesia
1132 1241 1326 1307 constitutae
1358 1261 1410 1306 res

205 1364 308 1410 novas
332 1343 499 1410 catholicis
523 1343 737 1409 adnuntiare?
784 1343 889 1408 Recta
911 1344 1121 1428 interrogatio
1145 1349 1177 1409 et
1193 1342 1303 1426 digna,
1327 1362 1409 1426 quae

206 1445 394 1528 diligentius
417 1452 513 1528 atque
543 1446 671 1510 uberius
703 1452 935 1530 pertractatum
973 1446 1026 1510 cui
1054 1453 1161 1511 tamen
1188 1466 1253 1511 non
1280 1446 1409 1529 ingenio

205 1548 345 1633 proprio,
380 1547 437 1613 sed
461 1547 591 1614 divinae
622 1547 703 1632 legis
727 1549 932 1631 auctoritate,
966 1547 1178 1615 ecclesiastici
1210 1544 1410 1632 magisteriib

206 1650 399 1715 documento
416 1650 681 1716 satisfaciendum
697 1657 755 1716 est.
790 1676 802 1715 a
819 1650 997 1716 Audiamus
1014 1669 1091 1734 ergo
1107 1658 1253 1716 sanctum
1265 1651 1409 1736 Moysen,

206 1761 239 1818 et
256 1755 325 1837 ipse
340 1773 398 1819 nos
411 1752 537 1834 doceat,
563 1773 619 1819 cur
636 1753 723 1818 docti
741 1753 800 1818 viri
817 1760 860 1835 et,
885 1752 939 1837 qui
955 1759 1087 1838 propter
1103 1754 1257 1819 scientiae
1270 1754 1410 1836 gratiam

207 1857 248 1920 ab
273 1855 417 1940 apostolo
434 1856 530 1920 etiam
549 1855 727 1940 prophetae
743 1862 977 1940 nuncupantur,
1002 1854 1145 1939 prolerre
1161 1855 1323 1921 interdum
1340 1875 1410 1940 per·

208 1958 377 2022 mittantur
411 1977 496 2023 nova
531 1956 695 2042 dogmata,
736 1978 818 2041 quae
852 1965 944 2049 uetus
977 1963 1203 2023 testamentum
1235 1956 1410 2040 allegorico

206 2080 353 2126 sermone
377 2060 454 2125 deos
478 2060 600 2126 alienos
633 2059 799 2145 adpellare
829 2059 1006 2143 consuevit,
1040 2079 1078 2124 eo
1107 2059 1193 2143 quod
1216 2061 1340 2127 scilicet
1363 2061 1410 2125 ita

207 2165 247 2229 ab
273 2163 445 2230 haereticis
468 2164 611 2248 ipsorum
635 2165 813 2248 opiniones,
837 2163 920 2229 sicut
943 2184 963 2228 a
985 2161 1180 2247 gentilibus⁰
1204 2160 1248 2225 dii
1272 2163 1332 2242 sui,
1356 2163 1410 2227 ob·

206 2274 383 2333 serventur.
430 2293 442 2332 c
466 2267 586 2332 Scribit
610 2286 687 2351 ergo
711 2268 744 2332 in
768 2267 1018 2332 Deuteronomio
1043 2267 1157 2330 beatus
1181 2264 1345 2347 Moyses1:
1371 2265 1410 2330 ab·

207 2371 407 2450 contecerit,
441 2369 554 2452 inquit,
584 2373 621 2435 ia
644 2371 753 2435 medio
778 2371 828 2435 rot
845 2371 1027 2456 propbeta,
1052 2376 1112 2434 cut
1135 2361 1221 2453 qaid
1244 2370 1410 2433 somnium

206 2473 329 2537 oidiaae
359 2493 393 2536 sc
426 2473 527 2552 dicat,
551 2471 651 2536 —id
682 2479 745 2537 est:
781 2473 935 2555 magister
968 2472 1002 2536 in
1035 2471 1173 2537 ecclesia
1208 2471 1409 2550 constitutus,

207 2593 302 2656 quem
333 2572 482 2659 discipuli
513 2574 564 2639 vel
593 2574 757 2641 auditores
780 2576 829 2641 sui
853 2596 894 2641 ex
918 2577 1027 2659 aliqua
1061 2574 1258 2639 revelatione
1292 2572 1409 2638 docere

206 2677 401 2742 arbitrentur
423 2713 467 2722 —
489 2702 502 2740 r
527 2677 604 2759 quid
629 2677 784 2743 deindel:
822 2686 853 2744 ct
870 2680 1099 2764 praedicarit,
1129 2675 1242 2758 inquit,
1277 2675 1411 2761 cipum

207 2784 306 2863 atque
333 2786 540 2864 portentum,
577 2787 608 2845 ct
642 2781 798 2856 everterit,
833 2782 922 2864 qaod
955 2781 1087 2845 locutus
1122 2784 1180 2859 est,
1208 2813 1253 2822 -
1276 2796 1412 2860 magnus

206 2881 353 2966 proiecto
376 2883 486 2946 nescio
511 2881 582 2964 quis
605 2880 831 2965 significature
868 2882 1021 2964 magister
1049 2886 1082 2946 et
1111 2887 1222 2945 tantae
1244 2879 1410 2961 scientiae,

208 2984 262 3066 qui
286 2984 499 3049 sectatoribus
522 2982 662 3067 propriis
686 3004 748 3049 non
773 2983 885 3070 solum,
918 3003 1001 3067 quae
1024 2983 1164 3050 humana
1187 2989 1270 3065 sunt,
1306 3001 1409 3064 nosse,

207 3105 317 3150 verum
334 3086 442 3168 etiam,
467 3105 550 3168 quae
566 3105 663 3170 supra
680 3085 838 3151 hominem
855 3093 938 3169 sunt,
963 3105 1173 3171 praenoscere
1190 3104 1285 3170 posse
1301 3083 1410 3150 videa·

207 3194 267 3269 tur,
292 3187 403 3271 quales
426 3188 496 3253 iere
520 3186 671 3273 discipuli
695 3188 744 3254 sui
768 3189 918 3254 iactitant
941 3187 1041 3254 fuisse
1065 3187 1279 3269 Valentinum,
1304 3187 1411 3250 Dona-

207 3298 284 3372 tum,
323 3289 506 3372 Pbotinum,
545 3290 763 3374 Apollinarem
805 3298 993 3373 ceterosque
1031 3288 1187 3355 eiusmodi
1224 3325 1268 3336 -
1296 3313 1309 3353 a
1333 3286 1412 3370 quid

206 3391 357 3477 posteai:
383 3399 413 3458 et
437 3393 576 3475 dicerit,
600 3392 714 3474 inquit,
739 3393 815 3458 tibi:
839 3414 955 3458 eamus
979 3400 1010 3458 ct
1032 3413 1213 3477 aequamur
1236 3392 1316 3456 door
1331 3391 1411 3456 alie·

207 3516 278 3577 nos,
303 3517 385 3581 quoa
400 3497 547 3581 ipaorca‚
573 3501 604 3559 et
627 3496 813 3560 sarciamus
838 3497 896 3577 cic,
920 3532 964 3542 -
980 3495 1034 3578 qui
1051 3502 1124 3559 sunt
1147 3494 1326 3575 dilationi,
1350 3491 1411 3557 nisi

206 3615 330 3662 errores
354 3595 528 3662 extranei?
563 3617 645 3682 quoa
668 3598 859 3682 apparabat,
892 3595 1014 3663 idest:
1046 3598 1123 3663 novi
1146 3602 1179 3661 et
1202 3593 1350 3671 inauditi,
1381 3601 1411 3660 et

206 3701 393 3765 serviamus
416 3701 474 3774 eia,
507 3697 542 3763 id
567 3704 632 3764 est:
671 3697 838 3764 credamus
862 3699 921 3782 eis,
956 3718 1128 3781 sequamur
1151 3718 1206 3764 eos
1230 3733 1273 3744 -
1296 3722 1309 3762 e
1333 3696 1411 3779 quid

206 3800 248 3866 ad
273 3801 488 3868 extremumi:
513 3823 580 3868 noa
604 3801 732 3884 audies,
757 3801 870 3884 inquit,
902 3804 1005 3868 cerba
1026 3801 1210 3887 prophetae
1233 3800 1327 3865 illias
1350 3806 1411 3865 cut

368 3981 384 4012 ⁸
398 3969 473 4026 dicit
491 3967 559 4026 ΡΜ.
670 3969 852 4042 bmcpiatra‘
870 3987 892 4026 s.
1001 3967 1170 4042 eptaticus
1189 3969 1218 4023 b.
1333 3966 1411 4022 dita

368 4053 449 4110 ΡῙ-4
467 4057 496 4124 b,
515 4053 586 4126 quia
604 4056 644 4110 si.
717 4053 889 4126 capitatur
907 4053 950 4109 ΡΒ
968 4057 998 4112 b.

315 4192 436 4250 1Deut.
457 4195 498 4264 13,
518 4196 598 4250 1-3.
