3324 4866
245 453 281 506 32
751 454 826 509 XIII
845 455 941 510 8-13.

245 611 323 675 tatis
355 610 457 675 altera
490 609 712 690 humanitatis3
748 610 805 677 sed
839 618 946 677 tamen
970 610 1075 676 deitas
1099 619 1131 676 et
1165 610 1349 678 humanitas
1384 633 1447 676 non

246 712 383 778 alteret
407 712 498 788 alter,
533 710 590 776 sed
615 731 695 778 unus
718 711 867 796 idemque
892 712 1048 788 Christus,
1084 733 1164 778 unus
1188 712 1337 796 idemque
1360 714 1449 780 filius

246 814 308 897 dei,
334 814 481 880 etunius
505 813 711 896 eiusdemque
736 815 855 881 Christi
878 823 911 880 et
936 815 995 880 iiiii
1021 815 1073 880 dei
1095 835 1159 880 una
1184 814 1360 898 eademque
1377 837 1446 902 per·

246 937 338 998 sona3
363 916 446 982 siout
470 918 501 981 in
527 916 654 983 homine
678 917 766 983 aliud
791 939 865 984 earo
883 925 915 984 et
931 917 1019 983 aliud
1037 919 1153 1001 anima,
1178 917 1234 983 sed
1252 939 1333 985 unus
1349 919 1447 985 idem-

246 1040 308 1102 que
330 1019 424 1085 homo
454 1019 562 1084 anima
591 1025 623 1084 et
654 1039 739 1084 oar0.
787 1021 861 1084 sIn
886 1021 980 1085 Petro
1005 1021 1080 1085 vel⁸
1103 1018 1204 1084 Paulo
1229 1019 1316 1085 aliud
1340 1023 1447 1087 anima

246 1122 332 1187 aliud
357 1142 442 1199 oaro,
466 1142 525 1187 neo
549 1129 657 1187 tamen
674 1121 737 1187 duo
754 1123 841 1187 Petri
867 1143 942 1188 oaro
967 1131 999 1187 et
1015 1123 1131 1203 anima,
1156 1129 1212 1186 aut
1229 1123 1310 1188 alter
1326 1122 1447 1189 Paulus

245 1226 352 1290 anima
376 1231 408 1290 et
437 1224 628 1308 ulterram,
662 1224 719 1290 sed
751 1245 833 1291 unus
867 1224 1016 1307 idemque
1040 1225 1154 1290 Petrus
1189 1244 1269 1290 unus
1298 1223 1447 1308 idemque

245 1326 374 1408 Paulus,
415 1347 455 1391 ex
495 1326 615 1412 duplioi
656 1326 847 1410 diversaque
883 1327 1059 1393 subsistens
1100 1326 1198 1392 animi
1241 1327 1447 1411 corporisque

245 1423 369 1494 natura.
416 1455 429 1493 o
453 1429 504 1492 Ita
527 1429 625 1513 igitur
649 1428 682 1494 in
706 1449 768 1494 uno
793 1428 970 1512 eodemque
988 1427 1113 1494 Christo
1138 1429 1223 1494 duae
1247 1430 1447 1495 substantiae

245 1537 327 1613 sunt,
361 1531 420 1596 sed
448 1551 511 1596 una
540 1530 651 1596 divina
679 1531 781 1597 altera
805 1531 954 1612 humana,
990 1552 1053 1596 unu
1077 1551 1118 1597 ex
1141 1540 1233 1617 patre
1258 1532 1319 1598 deo
1343 1531 1447 1598 ultera

245 1655 285 1699 ex
309 1639 410 1698 matre
440 1633 575 1718 virgine,
609 1655 673 1699 una
706 1642 877 1700 coaeterna
903 1642 936 1699 et
964 1634 1130 1717 aequalisb
1166 1637 1250 1720 patri
1280 1637 1381 1701 altera
1405 1656 1447 1701 ex

244 1743 389 1821 tempore
413 1744 445 1801 et
469 1737 570 1801 minor
593 1743 696 1823 patre,
731 1757 795 1801 una
824 1737 1106 1803 consubstantialis
1136 1740 1221 1822 patri
1245 1738 1348 1804 altera
1373 1759 1446 1804 oon-

244 1839 464 1905 substantialis
492 1840 597 1921 matri,
629 1859 710 1904 unus
746 1846 853 1905 tamen
886 1839 1036 1922 idemque
1060 1839 1205 1906 Christus
1240 1841 1272 1905 in
1308 1848 1444 1923 utraque

244 1942 433 2007 substantia.
481 1967 506 2006 ιο
530 1943 603 2009 Non
636 1962 712 2025 ergo
741 1942 823 2007 alter
847 1941 992 2008 Christus
1025 1941 1105 2007 deus
1136 1943 1218 2007 aiter
1242 1942 1347 2026 homo,
1380 1963 1444 2008 non

244 2045 325 2110 aiter
340 2045 501 2110 increatus
517 2045 599 2110 alter
615 2052 752 2125 oreatus,
770 2065 833 2110 non
851 2045 933 2110 alter
949 2045 1157 2131 impassibilis
1173 2046 1255 2110 aiter
1272 2046 1446 2131 passibilis,

244 2167 307 2211 non
331 2147 413 2212 alter
436 2147 581 2229 aequalis
605 2148 689 2232 patri
713 2148 794 2212 alter
824 2149 925 2212 minor
952 2158 1055 2232 putre,
1090 2168 1153 2211 non
1181 2147 1263 2212 alter
1287 2168 1327 2212 ex
1351 2154 1446 2233 patre

244 2250 326 2315 alter
348 2269 389 2314 ex
412 2259 526 2331 matre,
551 2248 607 2314 sed
631 2270 711 2314 unus
734 2248 884 2332 idemque
908 2250 1054 2315 Christus
1078 2249 1157 2314 deus
1182 2256 1214 2315 et
1230 2249 1336 2333 homo,
1360 2249 1445 2315 idem

243 2371 307 2416 non
331 2358 458 2416 oreatus
482 2358 514 2416 et
539 2357 675 2434 oreatus,
700 2351 785 2416 idem
802 2351 1071 2418 incommutabilis
1088 2359 1120 2417 et
1135 2352 1342 2437 impassibilis
1358 2353 1445 2418 idem

245 2459 457 2519 commutatus
486 2461 518 2518 et
547 2474 672 2539 passus,
711 2454 797 2519 idem
821 2455 906 2540 patri
931 2461 963 2520 et
987 2454 1131 2536 aequalis
1154 2462 1188 2520 et
1211 2456 1323 2539 minor,
1358 2455 1445 2521 idem

244 2575 282 2621 ex
307 2562 399 2641 patre
423 2567 499 2621 ante
522 2557 652 2622 sueonia
675 2559 803 2640 genitus
826 2557 914 2622 idem
937 2558 970 2622 in
999 2556 1128 2622 saeculo
1158 2577 1198 2622 ex
1221 2565 1324 2624 matre
1348 2577 1444 2641 gene-

244 2666 372 2724 ratus⁶z
398 2659 561 2744 perfectus
585 2658 673 2741 deus,
698 2659 861 2745 perfectus
878 2659 989 2739 hom03
1015 2660 1046 2723 in
1064 2657 1126 2724 deo
1141 2678 1264 2724 summa
1280 2659 1444 2742 divinitas,

243 2761 275 2824 in
293 2759 419 2825 homine
435 2759 532 2843 plena
548 2760 739 2825 humanitas.
773 2786 798 2823 11
815 2760 925 2843 Plena,
943 2759 1084 2841 iuquam,
1109 2759 1301 2844 humanitas,
1324 2761 1444 2846 quippe

244 2859 349 2945 quae‘1
377 2863 516 2928 animam
544 2862 636 2929 simul
667 2864 786 2929 habeat
817 2868 868 2930 et⁰
896 2882 1034 2943 earnem,
1069 2862 1127 2928 sed
1161 2883 1289 2929 earnem
1324 2884 1445 2951 veram,

242 2972 393 3048 nostram,
419 2973 606 3048 maternam,
630 2967 769 3030 animam
792 2985 868 3031 vero
885 2964 1050 3030 intellectu
1066 2964 1259 3051 praeditam,
1283 2972 1388 3032 mente
1405 2987 1444 3032 ao

242 3068 366 3134 ratione
390 3068 574 3152 pollentem.

351 3195 376 3233 12
399 3170 459 3236 Est
483 3190 560 3253 ergo
584 3171 617 3235 in
641 3169 767 3236 Christo
790 3171 923 3236 verbum
948 3171 1055 3236 anima
1081 3192 1166 3256 earo,
1191 3171 1249 3237 sed
1266 3171 1327 3237 hoo
1343 3177 1443 3236 totum

243 3291 325 3337 unus
348 3280 397 3338 est
421 3273 577 3349 Christus,
613 3293 695 3338 unus
718 3274 807 3339 iilius
830 3273 893 3355 dei,
935 3280 967 3339 et
990 3294 1070 3342 unus
1095 3277 1236 3342 salvator
1260 3296 1299 3342 ao
1322 3275 1445 3340 redem-

242 3382 317 3460 ptor
332 3381 452 3441 noster.
499 3377 589 3445 Unus
613 3383 800 3441 autemnon
817 3375 1017 3461 corruptibili
1040 3379 1150 3444 neseio
1179 3398 1242 3461 qua
1266 3377 1444 3443 divinitatis

243 3484 276 3541 et
310 3475 521 3543 humanitatis
560 3478 755 3560 confusione,
795 3477 853 3543 sed
887 3480 1016 3562 integra
1047 3487 1081 3544 et
1114 3480 1267 3564 singulari
1304 3479 1441 3563 quadam

242 3580 366 3644 unitate
401 3599 567 3665 personae.
615 3607 641 3646 ra
664 3581 778 3663 Neque
815 3581 898 3646 enim
933 3580 989 3646 iila
1022 3583 1204 3648 coniunctio
1240 3583 1376 3648 alterum
1411 3583 1444 3648 in

243 3681 378 3746 aiterum
409 3683 566 3747 convertit
593 3689 691 3766 atque
719 3684 867 3765 mutavit,
902 3685 957 3767 qui
981 3691 1030 3750 est
1054 3705 1141 3751 error
1164 3685 1312 3770 proprius
1335 3685 1443 3750 Arria·

241 3785 384 3866 norum1,
407 3783 465 3848 sed
488 3783 534 3850 ita
558 3785 590 3849 in
613 3804 708 3849 unum
732 3785 839 3869 potius
855 3791 1024 3868 utrumque
1046 3788 1218 3872 compegit,
1243 3793 1278 3853 ut
1294 3793 1443 3852 manente

405 3931 421 3962 ι
436 3925 463 3975 et
481 3922 509 3976 b.
588 3921 798 3992 beoaeqoatio
817 3920 864 3990 Re.
947 3922 1098 3994 openiens
1117 3923 1168 3980 ΡΒ.
1249 3923 1318 3990 (1-1-
1339 3924 1374 3980 in
1392 3922 1442 3979 1²⁴.

404 4011 465 4066 ο>
485 4004 536 4060 Pe.

352 4105 497 4174 ¹Ariani,
524 4125 592 4164 oum
611 4112 743 4164 animam
771 4111 934 4165 humanam
964 4114 995 4166 in
1015 4111 1132 4167 Christo
1158 4113 1255 4169 fuisse
1283 4118 1443 4184 negarent,
