3324 4866
253 547 288 602 ro
746 548 862 602 16-11
882 549 896 602 1
916 548 955 617 (1)

358 704 461 771 oSed
485 707 549 771 iam
572 707 605 771 in
629 707 755 771 nomine
780 706 911 788 domini,
946 705 1030 790 quod
1054 707 1163 788 instat,
1198 705 1380 790 adgrediar,
1417 714 1458 770 ut.

253 806 377 872 scilicet
407 828 425 872 a
456 809 629 874 maioribus
659 808 780 874 tradita
809 815 842 873 et
870 808 957 893 apud
991 829 1050 875 nos
1078 808 1227 893 deposita
1262 807 1452 890 describam,

251 907 419 974 relatorisa
442 908 510 975 fide
533 910 640 994 potius
664 930 759 993 quam
791 912 930 976 auctoris
954 910 1224 995 praesumptione,
1261 910 1322 976 hac
1346 917 1453 975 tamen

252 1010 413 1076 scribendi
437 1011 509 1095 lege
533 1018 671 1095 servata,
703 1018 738 1076 ut
761 1032 961 1095 nequaquam
987 1011 1092 1077 omnia
1116 1012 1173 1078 sed
1197 1018 1321 1077 tantum
1344 1031 1452 1078 neces-

252 1113 337 1180 saria
361 1132 506 1196 quaeque
529 1115 753 1198 perstringam,
777 1133 881 1197 neque
904 1113 938 1178 id
961 1122 1072 1180 ornato
1096 1120 1128 1179 et
1150 1121 1265 1180 exacto
1287 1113 1344 1180 sed
1364 1113 1454 1178 facili

254 1216 475 1297 communique
514 1235 674 1293 sermone,
720 1223 754 1281 ut
792 1217 945 1301 pleraque
987 1215 1174 1300 significata
1211 1217 1319 1301 potius
1358 1236 1453 1299 quam

253 1318 416 1402 explicata
450 1316 630 1384 videantur.
677 1319 863 1386 aScribant
892 1317 925 1383 hi
953 1318 1040 1383 laute
1068 1325 1101 1383 et
1129 1325 1289 1402 accurate,
1326 1320 1379 1401 qui
1411 1317 1454 1383 ad

252 1419 314 1485 hoc
337 1440 450 1486 munus
474 1421 526 1486 vel
549 1421 671 1505 ingenii
695 1420 819 1486 fiducia
835 1421 894 1485 vel
918 1420 1023 1485 officii
1046 1422 1169 1486 ratione
1194 1420 1362 1486 ducuntur.
1402 1423 1453 1486 Me

252 1541 328 1587 vero
352 1521 569 1588 sublevandae
592 1521 824 1588 recordationis
847 1523 898 1588 vel
923 1525 1029 1608 potius
1054 1523 1224 1590 oblivionis
1240 1543 1331 1589 meac
1347 1525 1453 1607 gratia

253 1625 546 1690 commonitoriuml
569 1625 713 1690 mihimet
729 1645 861 1709 parasse
877 1625 1056 1708 suffecerit,
1073 1625 1158 1709 quod
1175 1632 1282 1691 tamen
1298 1627 1452 1711 paulatim

251 1726 434 1810 recolendo,
471 1747 553 1810 quae
586 1726 697 1804 didici,
733 1727 904 1793 emendare
938 1735 971 1793 et
994 1729 1116 1813 inplere
1159 1727 1291 1794 cottidie
1324 1728 1452 1793 domino

252 1834 437 1913 praestante
461 1831 610 1896 conabor.
657 1827 813 1913 aAtqueb
838 1830 899 1896 hoc
922 1832 1026 1915 ipsum
1050 1830 1170 1896 idcirco
1187 1830 1383 1916 praemonui,
1408 1837 1452 1911 ut,

252 1931 279 1996 si
302 1930 387 1996 forte
412 1931 554 2017 elapsum
580 1933 672 1999 nobis
696 1933 730 1997 in
754 1953 866 1998 manus
890 1935 1093 1998 sanctorum²
1117 1932 1292 2015 devenerit,
1316 1933 1396 1997 nihil
1420 1933 1453 1996 in

252 2053 291 2099 eo
316 2040 435 2098 temere
462 2034 711 2120 reprehendant,
747 2034 832 2118 quod
865 2034 971 2101 adhuc
999 2035 1130 2100 videant
1158 2036 1315 2120 promissa
1350 2054 1461 2101 emen-2

253 2133 383 2200 datione
406 2135 590 2201 limandum.

320 2388 363 2452 ΙΙ.
410 2389 520 2454 Socra
543 2389 716 2473 scripturo
740 2410 782 2454 aa
806 2390 989 2454 traditione
1014 2390 1169 2455 ecelesiae
1194 2389 1376 2455 catholicae

678 2493 938 2576 interpretando
962 2499 1019 2557 eat.

360 2645 406 2723 (1)
443 2643 549 2727 Saepe
573 2644 671 2726 igitur
695 2665 811 2728 magno
836 2643 943 2710 studio
968 2651 999 2710 et
1027 2663 1151 2710 summa
1175 2643 1360 2709 adtentione
1384 2663 1461 2728 per·-

253 2744 426 2827 quirensa
455 2764 549 2827 quam
581 2744 725 2829 plurimis
758 2746 930 2811 sanctitate
967 2751 999 2809 et
1035 2745 1182 2811 doctrina
1216 2745 1461 2829 praestantibus

252 2846 340 2929 viris,
376 2844 609 2929 quonammodo
642 2848 761 2932 possim
792 2853 880 2911 certa
909 2846 1047 2929 quadam
1077 2852 1109 2910 et
1133 2846 1224 2929 quasi
1248 2847 1390 2930 generali
1415 2866 1454 2910 ac

255 2949 396 3031 regulari
420 2949 473 3013 via
498 2947 677 3014 catholicae
701 2947 781 3014 fidei
806 2949 975 3013 veritatem
1000 2948 1041 3013 ab
1071 2946 1254 3012 haereticae
1284 2947 1453 3032 pravitatis

252 3051 401 3117 falsitate
427 3050 618 3132 discernere,
654 3048 836 3115 huiusmodi
869 3069 993 3134 semper
1027 3067 1213 3134 responsum
1243 3049 1283 3113 ab
1308 3049 1453 3115 omnibus

252 3155 321 3220 fere
345 3153 462 3235 rettuli,
488 3152 582 3235 quod,
607 3154 675 3218 sive
700 3173 761 3236 ego
785 3152 853 3218 sive
878 3151 948 3235 quis
973 3152 1077 3216 aliusc
1100 3150 1198 3216 vellet
1214 3152 1452 3234 exsurgentium

253 3256 485 3323 haereticorum
509 3254 640 3321 fraudes
664 3253 906 3340 deprehendere
930 3255 1125 3337 laqueosque
1149 3255 1252 3320 vitare
1277 3260 1309 3319 et
1331 3255 1364 3318 in
1386 3253 1453 3319 fide

415 3441 588 3522 arcatores
608 3437 649 3493 Ρ1
728 3438 848 3510 batqut
868 3456 890 3495 s.
982 3441 1054 3494 cita
1073 3441 1112 3509 bi,
1131 3446 1166 3502 >
1185 3437 1260 3493 Ρ194
1279 3455 1301 3494 s.

362 3595 372 3632 ¹
391 3595 459 3650 Vox
478 3593 779 3650 ‘Commonitorium’
797 3597 854 3651 hoe
872 3598 942 3651 loco
962 3597 1096 3651 libellum
1124 3596 1163 3650 ad
1192 3597 1367 3650 memoriam
1387 3595 1454 3650 sub·

252 3679 414 3736 levandam
435 3680 580 3748 seriptum
600 3681 768 3749 signiticat3
790 3682 929 3735 omuibus
948 3682 1012 3736 tere
1032 3681 1097 3734 aliis
1115 3681 1190 3734 locis
1214 3695 1250 3734 ea
1275 3683 1454 3749 tempestate

252 3765 429 3820 mandatum
456 3765 618 3833 significat,
654 3765 735 3834 quod
766 3765 876 3835 legatis
907 3768 939 3820 in
969 3767 1158 3836 provinciam
1190 3765 1454 3834 proficiscentibus

253 3851 396 3918 scriptum
418 3849 548 3903 dabatur
578 3851 724 3916 (nostrum
754 3849 1000 3919 ‘Instruktion');
1030 3852 1083 3904 etr.
1103 3847 1275 3918 Symmachi
1295 3864 1342 3918 ep.
1361 3848 1387 3903 V
1406 3848 1453 3902 21:

252 3935 300 3988 ‘ut
319 3934 487 3988 secundum
508 3934 779 4001 commonitorium,
809 3949 868 4002 quo
897 3935 1069 3988 summatim
1098 3935 1216 3988 muneri
1241 3931 1454 4002 praeparanda

253 4017 445 4087 perscripsi’3
466 4016 538 4072 Ccd.
558 4016 672 4072 Theod.
691 4017 732 4071 Vl
752 4017 794 4086 29,
815 4019 861 4072 10:
888 4019 1133 4073 ‘commonitoriis
1153 4018 1394 4087 competentibus
1413 4024 1454 4076 at·

253 4117 313 4171 que
332 4100 483 4154 mandatis
503 4102 641 4155 instructi
650 4099 665 4154 ³.
766 4097 910 4170 2e0rum,
939 4103 992 4171 qui
1019 4117 1052 4156 se
1080 4102 1203 4158 saeculo
1224 4102 1462 4169 abdicaverunt,

251 4188 270 4240 i.
291 4203 316 4242 e.
337 4187 516 4240 clericorum
536 4192 565 4241 et
584 4187 810 4241 monachorum.
