3324 4866
684 530 740 585 xx
759 531 884 586 e-xxr
902 531 920 586 a
939 532 1004 601 (ao).
1410 535 1447 590 ss

242 687 364 754 reversi
391 695 555 771 tamquam
584 689 737 754 contrarii
771 688 890 755 fluctus
927 688 1119 771 reliduntur3
1154 708 1239 754 nune
1272 691 1445 756 temeraria

243 791 501 876 praesumptione
525 797 557 855 et
580 810 630 874 ea,
666 811 749 875 quae
783 792 907 857 incerta
937 790 1096 874 videntur,
1132 790 1324 877 adprobant,
1360 812 1445 860 nunc

242 893 426 958 inrationali
449 900 546 976 metu,
582 897 679 959 etiam
704 914 787 977 quae
810 902 899 960 certa
922 901 1026 978 sunt⁸,
1062 901 1280 980 expavesunt:
1316 895 1444 978 incerti,

243 1016 306 1078 qua
330 1003 415 1078 eant,
440 1016 503 1079 qua
518 995 663 1080 redeant,
687 996 765 1079 quid
782 996 948 1082 adpetant,
973 995 1050 1080 quid
1067 996 1205 1081 fugiant,
1229 995 1284 1080 qui
1300 1003 1444 1082 teneant,

243 1097 320 1181 quid
344 1097 518 1164 dimittant.
564 1097 691 1177 cQuae
719 1098 848 1182 quidem
879 1099 970 1165 dubii
1002 1105 1035 1165 et
1064 1099 1149 1165 male
1176 1098 1309 1185 penduli
1338 1099 1446 1166 cordis

241 1199 389 1266 adflictio
413 1199 565 1268 divinaeb
590 1222 667 1285 erga
690 1222 725 1268 se
749 1203 962 1268 miserationis
986 1208 1034 1267 est
1057 1201 1228 1284 medicina,
1253 1203 1281 1268 si
1304 1202 1441 1288 sapiant.

242 1329 253 1368 a
270 1302 396 1369 Idcirco
413 1305 530 1369 etenim
546 1311 639 1370 extra
655 1303 848 1370 tutissimum
865 1303 1046 1371 catholicae
1063 1303 1142 1369 fidei
1158 1310 1287 1389 portum
1306 1303 1445 1371 diversis

243 1406 474 1489 cogitationum
504 1406 691 1490 quatiuntur
720 1407 933 1474 verberantur
961 1427 1002 1472 ac
1025 1427 1130 1492 paene
1153 1413 1349 1472 enecantur⁰
1371 1426 1444 1492 pro·

242 1507 341 1589 cellis,
377 1515 412 1573 ut
441 1529 577 1576 excussa
606 1510 640 1574 in
661 1510 761 1574 altum
786 1509 891 1575 elatae
914 1511 1030 1576 mentis
1054 1510 1127 1575 vela
1150 1508 1323 1595 deponant,
1359 1529 1443 1592 quae

240 1610 324 1674 male
346 1611 523 1677 novitatem
552 1611 657 1677 ventis
692 1609 925 1695 expanderant,
961 1630 1096 1693 seseque
1129 1610 1214 1675 intra
1248 1609 1443 1677 fidissimam

240 1711 409 1776 stationem
433 1709 584 1796 placidae
607 1731 646 1776 ac
669 1711 774 1776 bonae
797 1712 908 1776 matris
932 1710 1089 1776 reducant
1113 1718 1145 1776 et
1169 1717 1310 1793 teneant,
1344 1717 1442 1795 atque

240 1833 366 1880 amaros
389 1814 461 1879 illos
484 1813 745 1896 turbulentosque
773 1827 915 1878 errorum
942 1814 1064 1879 fluctus
1090 1813 1237 1899 primitus
1265 1823 1443 1898 revomant,

241 1925 276 1982 ut
299 1916 422 2003 possint
450 1915 604 2001 deinceps
633 1917 728 1982 olcas
757 1922 789 1981 et
815 1917 970 1982 solientis
998 1919 1126 2002 oquae¹
1160 1916 1284 1983 fluenta
1318 1923 1443 2004 potare.

239 2045 252 2084 s
275 2018 454 2084 Dediscant
479 2019 569 2099 bene,
594 2016 681 2100 quod
698 2016 880 2083 didicerant
895 2039 959 2084 non
976 2019 1067 2100 bene,
1092 2024 1125 2084 et
1141 2037 1182 2084 ex
1198 2024 1267 2085 toto
1283 2020 1442 2086 ecclesiae

240 2121 403 2205 dogmate,
428 2119 515 2204 quod
538 2120 705 2186 intellectu
729 2120 802 2205 capi
825 2127 944 2205 potest,
968 2120 1109 2206 capiant,
1134 2120 1220 2204 quod
1244 2142 1307 2187 non
1322 2128 1440 2208 potest,

240 2225 402 2290 credant¹.

239 2443 331 2508 XXI.
379 2446 422 2508 Iu
443 2445 542 2509 rebus
564 2444 645 2530 fidel
668 2442 753 2508 nillil
778 2464 847 2508 esse
863 2443 1058 2508 novandam
1067 2445 1237 2529 probatur
1253 2446 1332 2509 eal
1354 2444 1440 2510 Ilm.

719 2546 953 2627 &wan

345 2681 412 2762 (26)
438 2680 528 2760 Quae
552 2701 624 2746 cum
639 2681 687 2747 ita
702 2683 776 2764 sint,
800 2681 916 2746 iterum
933 2688 1031 2764 atque
1047 2682 1162 2747 iterum
1179 2682 1292 2748 eadem
1314 2702 1440 2748 mecum

238 2784 405 2851 revolvens
428 2791 460 2850 et
484 2791 648 2869 reputans,
684 2784 793 2850 mirari
828 2785 908 2850 satis
936 2804 1061 2867 nequeo
1092 2791 1214 2849 tantam
1238 2783 1439 2868 quorundam

238 2886 398 2952 hominum
415 2887 590 2969 vesaniam,
607 2893 730 2954 tantam
747 2894 943 2953 excaecatae
959 2887 1074 2954 mentis
1089 2888 1298 2972 impietatem,
1316 2894 1438 2953 mutam

236 2996 398 3075 postremo
411 2989 539 3056 errandi
552 2989 730 3071 libidinem,
754 2997 789 3055 ut
805 2990 947 3054 conteuti
964 3009 1027 3054 non
1043 2989 1107 3054 sint
1123 2988 1243 3054 tradita
1259 2995 1291 3055 et
1306 2995 1439 3075 recepta

236 3089 358 3158 semell
382 3093 559 3176 antiquitus
583 3092 737 3158 credendi
761 3093 883 3175 regula,
915 3090 973 3158 sed
997 3111 1082 3158 nova
1104 3112 1144 3157 ac
1168 3112 1251 3157 nova
1274 3092 1308 3157 in
1332 3091 1439 3156 diem⁰

237 3201 401 3277 quaerant,
432 3215 620 3280 semperque
644 3194 765 3280 aliquid
789 3195 930 3279 gestiant
958 3193 1105 3278 religioni
1134 3193 1266 3276 addere,
1280 3265 1288 3275 ,
1301 3200 1438 3276 mutare,

237 3295 421 3377 detrahere;
445 3300 566 3387 aquosi
589 3320 652 3365 non
676 3299 816 3365 caeleste
833 3296 951 3380 dogma
967 3298 1018 3378 sit,
1044 3295 1129 3380 quod
1146 3297 1245 3362 semel
1260 3297 1436 3362 revelatum

236 3418 306 3465 esse
334 3400 491 3483 sufficiat,
526 3399 584 3466 sed
614 3408 742 3467 terrena
769 3399 941 3477 institutio,
977 3419 1060 3481 quae
1095 3399 1190 3464 aliter
1223 3399 1339 3484 perfici
1373 3399 1436 3464 nisi

236 3500 374 3566 adsidua
398 3501 632 3576 emendatione,
667 3504 764 3568 immo
787 3502 894 3588 potius
923 3500 1181 3586 reprehensione,
1210 3520 1274 3566 non
1296 3507 1405 3586 posset
1413 3498 1435 3584 f,

396 3683 487 3740 asino
507 3701 530 3740 s.
638 3685 782 3740 bdiciaa
801 3683 883 3741 P1-⁴
901 3702 924 3742 s.
1026 3687 1205 3741 enecantur·
1223 3699 1245 3740 s.
1336 3681 1436 3739 ‹lsra-

397 3767 464 3825 dila
482 3771 572 3825 semel
590 3773 618 3825 el
636 3772 760 3840 occepta
780 3771 807 3824 b.
881 3770 946 3826 ede
966 3767 1015 3824 die
1034 3768 1068 3824 in
1082 3769 1163 3825 diem
1175 3771 1193 3824 i.
1266 3766 1392 3837 spossus
1405 3769 1434 3824 b.

341 3923 548 3992 ¹J0h.4,10.
569 3925 611 3980 14.
721 3922 891 3994 'August.,
911 3924 957 3980 De
975 3926 1044 3980 trin.
1064 3924 1120 3979 VII
1138 3925 1206 3979 tim:
1235 3924 1322 3989 Quod
1341 3923 1369 3980 si
1388 3923 1435 3979 io·

234 4010 351 4064 tellecta
378 4007 449 4077 capi
479 4024 543 4063 uon
567 4010 676 4078 potest,
702 4009 762 4078 fide
781 4009 926 4062 teneatur.
964 4007 999 4063 In
1018 4008 1087 4064 Job.
1107 4009 1133 4076 8,
1154 4007 1187 4063 15
1211 4009 1308 4076 (tract.
1325 4007 1368 4075 36,
1389 4010 1433 4077 7):

233 4095 330 4149 Immo
349 4091 419 4148 ideo
431 4094 502 4148 belae
516 4091 659 4152 creditur,
675 4091 750 4163 quia
761 4108 824 4147 nou
837 4090 895 4147 cito
909 4091 1048 4162 capitam
1066 4110 1140 4149 nom
1153 4090 1181 4149 ci
1193 4091 1252 4149 cito
1265 4096 1434 4162 caperetur,

233 4194 294 4233 oon
314 4192 391 4247 opus
409 4180 484 4246 mat,
503 4179 538 4232 ut
557 4177 737 4245 crederetur,
757 4175 834 4248 qaia
852 4175 1014 4233 videretur.
