3324 4866
686 479 727 534 IV
746 481 825 535 6-V
844 480 861 534 2
880 479 928 547 (7).
1377 479 1411 534 15

206 639 335 704 novitas
351 637 439 702 velut
456 635 613 720 quaedam
630 635 785 701 Bellona1
802 642 857 701 aut
874 635 984 716 Furia,
1013 642 1108 720 capto
1133 636 1256 720 primol
1272 637 1410 702 omnium

209 741 432 826 imperatorer,
458 745 573 804 cuncta
598 737 716 804 deinde
739 739 852 825 palatii
877 739 1016 804 culmina
1040 739 1165 821 legibus
1193 739 1284 804 novis
1307 740 1411 804 subiu-

204 850 326 928 gasset,
365 861 566 924 nequaquam
607 840 761 926 deinceps
800 840 928 906 destitit
960 841 1110 906 universa
1144 843 1279 908 miscere
1314 848 1411 923 atque

208 964 337 1022 vexare,
370 943 498 1027 privata
530 941 591 1007 aob
620 941 762 1027 publica,
800 962 893 1008 saera
916 941 1116 1026 profanaque
1140 943 1256 1025 omnia,
1291 942 1411 1007 nullum

208 1049 283 1114 boni
307 1053 340 1112 et
363 1047 431 1112 veri
462 1065 575 1129 gerere
608 1044 791 1128 discrimen,
825 1044 883 1112 sed
917 1064 1133 1127 quoscumque
1166 1045 1372 1111 conlibuisset
1386 1051 1409 1117 ⁰,

208 1157 372 1230 tamquam
390 1145 517 1212 deloco
535 1147 697 1230 superiore
714 1151 893 1231 percutere.
921 1147 1039 1211 cTunc
1056 1153 1230 1212 temeratae
1248 1146 1409 1229 coniuges,

210 1246 439 1335 depullataed³
455 1247 584 1331 viduae,
608 1249 799 1332 profanatae
815 1249 967 1331 virgines,
992 1247 1170 1314 dilacerata
1186 1247 1410 1329 monasteriae,

209 1351 380 1417 disturbati
406 1349 525 1433 clerici,
549 1351 710 1416 uerberati
733 1351 862 1434 levitae,
887 1352 953 1416 acti
976 1351 1009 1417 in
1033 1350 1182 1417 exsilium
1214 1349 1410 1430 sacerdotes,

210 1453 341 1538 obpleta
364 1453 485 1519 sanctis
509 1453 673 1536 ergastula
690 1472 837 1518 carceres
853 1453 994 1534 metalla,
1019 1473 1151 1536 quorum
1168 1474 1243 1538 pars
1259 1453 1411 1533 maxima,

209 1555 388 1621 interdictis
414 1555 544 1621 urbibus
567 1557 708 1639 protrusi
724 1564 822 1638 atque
839 1562 982 1622 extorres
998 1557 1082 1621 inter
1098 1555 1226 1622 deserta
1242 1556 1412 1640 speluncas

209 1659 401 1741 senesanna,
426 1656 572 1722 nuditate
595 1657 682 1723 fame
706 1659 759 1724 siti
783 1657 906 1724 adfecti
931 1659 1060 1723 contriti
1084 1666 1117 1724 et
1147 1659 1304 1724 tabefacti
1327 1664 1411 1724 sunt.

210 1789 221 1827 r
251 1757 376 1844 Atquef
397 1761 479 1826 haee
508 1760 615 1826 omnia
647 1760 801 1844 numquid
834 1761 931 1825 ullam
964 1761 1060 1826 aliam
1098 1761 1138 1826 ob
1175 1781 1315 1842 causam,
1350 1758 1413 1824 nisi

210 1865 320 1945 utique
344 1862 419 1928 dnm
442 1883 500 1948 pro
525 1863 657 1929 caelesti
683 1862 834 1946 dogmate
868 1863 1026 1928 humanae
1050 1864 1292 1949 superstitiones
1315 1863 1413 1927 intro-

210 1965 402 2048 ducuntur-e,
415 1964 491 2029 dum
504 1966 585 2030 bene
597 1965 735 2031 fundata
747 1965 923 2047 antiquitas
934 1965 1072 2030 scelesta
1083 1965 1227 2030 novitate
1239 1965 1411 2046 subruitur,

211 2066 286 2134 dum
299 2069 496 2153 superiorum
510 2066 658 2132 instituta
670 2068 840 2149 violantur,
857 2065 933 2131 dum
943 2065 1165 2133 rescinduntur
1178 2068 1260 2132 scita
1273 2073 1411 2151 patrum,

211 2171 286 2235 dum
311 2169 531 2236 convelluntur
561 2167 698 2234 definita
731 2170 896 2252 maiorum,
933 2167 1008 2234 dum
1043 2189 1113 2235 sese
1146 2171 1229 2234 intra
1264 2175 1412 2238 sacratae

211 2278 308 2355 atque
320 2273 524 2356 incorruptae
535 2273 703 2337 vetustati
715 2272 910 2338 castissimos
921 2271 1038 2337 limites
1050 2271 1207 2356 profanae
1216 2291 1256 2337 ac
1266 2271 1412 2336 novellae

212 2375 405 2442 curiositatis
429 2372 530 2440 libido
554 2394 618 2440 non
642 2373 808 2439 continet?

212 2592 251 2656 V.
298 2592 357 2656 Ea
391 2592 490 2656 dictis
513 2613 540 2655 s.
565 2588 735 2655 Ambrosii
769 2590 925 2677 efficitur,
960 2590 996 2654 ‘a
1022 2590 1215 2676 defensione
1245 2591 1412 2656 maiorum

481 2693 573 2779 fidei'
600 2694 794 2777 neutiquam
815 2691 1037 2758 recedendum
1061 2713 1139 2757 esse.

320 2831 366 2910 (7)
392 2827 458 2894 Sed
481 2829 618 2894 forsitan
647 2827 722 2893 odio
754 2829 907 2894 novitatis
931 2835 963 2893 et
986 2847 1095 2894 amore
1128 2831 1298 2895 vetustatis
1331 2830 1413 2895 haec

212 2930 386 3015 fingimus?
434 2930 585 3014 Quisquis
600 2931 662 2997 boc
678 2930 839 3014 aestimat,
856 2932 951 2997 beato
969 2931 1082 2996 saltem
1105 2930 1216 2996 credat
1233 2933 1412 3014 Ambrosio,

213 3035 267 3118 qui
296 3035 329 3098 in
359 3033 500 3100 secundo
536 3033 578 3098 ad
614 3035 839 3118 imperatorem
865 3033 1053 3099 Gratianum
1088 3033 1170 3099 libro
1202 3036 1412 3100 acerbitatem

212 3137 365 3221 temporis
388 3136 458 3220 ipse
474 3136 645 3222 deplorans
660 3137 745 3201 aitt:
774 3135 843 3202 sea
858 3138 928 3202 iarn
954 3139 1048 3219 sutis,
1065 3137 1180 3219 inquit,
1204 3140 1413 3223 omnipotens

214 3237 307 3318 deus,
346 3245 460 3303 nostro
501 3239 603 3303 caitio
643 3246 821 3322 nostroque
855 3239 1019 3324 sanpruine
1055 3241 1284 3326 confessorum
1319 3260 1413 3305 neces

214 3334 348 3403 ecciliuh
371 3339 583 3404 sacerdotum
607 3348 637 3405 et
661 3342 761 3426 nefus
784 3347 899 3405 tantae
931 3341 1105 3426 inpietatis
1129 3342 1280 3407 eluimus.
1320 3341 1414 3408 Satis

214 3440 338 3506 claruit
362 3461 426 3523 eos,
450 3442 508 3526 qui
530 3442 730 3507 violaverint
751 3443 864 3529 fidem,
889 3447 978 3507 tutos
995 3464 1063 3508 esse
1080 3464 1148 3508 non
1158 3465 1268 3528 posse.
1283 3517 1287 3530 ¹
1302 3471 1315 3510 r
1331 3444 1413 3508 Item
1475 3483 1477 3488 -

373 3641 524 3710 tpriuss.
597 3641 862 3713 bestP³,>P4.
934 3643 1144 3713 ⁰†ctP¹³⁴,
1218 3643 1411 3715 deauratae

373 3724 424 3794 Pl,
444 3728 647 3797 depopulatae
666 3725 723 3781 Ρ34
741 3744 764 3784 s.
837 3727 1054 3784 euuonaatenia
1073 3727 1218 3784 demolita
1237 3730 1266 3783 b.
1339 3726 1414 3783 fat-

374 3808 429 3880 qui
447 3827 469 3865 s.
542 3809 784 3867 sintruduntun
803 3810 851 3867 P4.
926 3811 943 3854 h
962 3811 1059 3868 exitia
1077 3810 1151 3868 Ρ184
1170 3829 1192 3867 s.

321 3961 332 3999 1
350 3963 476 4018 Bellona
496 3965 554 4020 dea
575 3969 640 4020 erat
659 3963 781 4033 Sabina,
802 3981 901 4022 comes
920 3967 970 4022 vel
989 3982 1069 4022 uxor
1087 3966 1199 4022 Martis.
1307 3963 1320 4004 ²
1339 3965 1414 4024 Con·

214 4047 333 4102 stantio.
406 4044 547 4104 3Pullati
566 4063 621 4103 seu
641 4056 708 4104 atra
727 4053 812 4104 veste
831 4051 931 4106 induti
950 4051 1090 4121 lugentes
1110 4052 1141 4104 in
1160 4050 1315 4120 publicum
1344 4067 1415 4122 pro·

215 4131 373 4186 cedebant.
446 4129 458 4166 ⁴
478 4131 524 4186 De
542 4133 605 4187 tide
625 4132 655 4186 II
674 4134 715 4200 16,
736 4133 797 4188 141.
