3324 4866
626 567 695 621 XIV
715 566 822 621 9-xv
841 567 858 621 4
877 569 943 636 (21).
1368 573 1406 627 35

196 721 322 804 absque
348 721 411 788 ulla
435 723 483 788 sui
507 725 714 790 conversione
738 725 899 792 uniendoa
923 747 957 792 se
981 727 1101 792 homini
1125 749 1188 792 non
1206 729 1402 795 confunden-

200 821 242 887 do
258 845 379 889 -non
396 824 552 890 imitando
568 826 674 892 factus
691 835 739 892 est
757 828 860 903 bomo,
886 829 942 894 sed
959 830 1173 896 subsistendo.
1210 832 1402 898 oAbiciatur

196 944 277 1007 ergo
301 932 370 991 tota
398 929 525 1011 penitus
554 949 710 1013 personae
742 931 827 996 illius
860 931 1092 1014 intellegentia,
1129 952 1212 1015 quae
1247 933 1401 1017 fingendo

199 1026 380 1094 imitatione
413 1030 595 1115 suscipitur,
630 1033 685 1096 ubi
714 1052 840 1116 semper
870 1032 957 1098 aliud
982 1040 1031 1099 est
1056 1043 1088 1098 et
1111 1035 1199 1100 aliud
1223 1036 1400 1119 simulatur,

200 1129 253 1193 ubi
278 1130 342 1206 ille,
368 1133 421 1214 qui
446 1134 525 1216 agit,
550 1153 723 1216 numquam
746 1134 773 1200 is
797 1143 855 1219 est,
881 1156 974 1219 quem
992 1138 1071 1218 agit.
1119 1162 1145 1200 10
1160 1137 1255 1204 Absit
1272 1140 1402 1220 etenim,

199 1241 234 1297 ut
259 1233 320 1299 hoc
344 1234 454 1301 fallaci
479 1236 574 1302 modo
599 1235 677 1303 deus
701 1238 833 1303 verbum
867 1259 1037 1324 personam
1061 1238 1199 1306 hominis
1222 1242 1401 1325 suscepisse

197 1334 359 1419 eredat-ur,
393 1338 451 1403 scd
484 1339 531 1404 ita
561 1340 678 1424 potius,
711 1347 747 1404 ut
779 1342 1032 1407 incommutabili
1058 1361 1115 1407 sua
1148 1350 1297 1407 manente
1330 1345 1401 1409 sub·

195 1439 319 1504 stantia
342 1445 374 1503 et
397 1440 430 1503 in
454 1459 489 1506 se
512 1441 650 1525 perfecti
667 1437 810 1508 'hominis
834 1443 1041 1528 suscipiendo
1064 1452 1211 1509 naturam
1228 1444 1298 1529 ipse
1315 1465 1400 1529 caro,

199 1540 268 1624 ipse
293 1540 397 1625 hom0,
431 1543 501 1628 ipse
528 1563 696 1629 personam
724 1545 861 1612 hominis
894 1547 1073 1628 exsisteret,
1107 1567 1169 1612 non
1203 1546 1402 1613 simulatoria

194 1640 257 1706 sed
281 1663 369 1725 vera,
392 1666 456 1709 non
479 1644 639 1712 imitativa
662 1646 720 1712 sed
737 1649 949 1732 substantiva,
973 1669 1037 1713 non
1053 1648 1201 1730 denique,
1226 1669 1400 1732 quaecum

195 1746 327 1812 actione
362 1746 541 1832 desisteret,
574 1748 632 1815 sed
656 1769 739 1833 quae
762 1770 891 1836 prorsus
914 1753 947 1816 in
970 1751 1153 1818 substantia
1186 1761 1400 1836 permaneret.

262 2066 333 2130 XV.
380 2068 549 2132 Personae
572 2069 609 2132 e'n
635 2065 766 2134 Christo
790 2069 905 2134 unitas
928 2070 997 2134 iem
1021 2070 1057 2133 in
1080 2071 1156 2153 ipsu
1179 2068 1342 2155 oirplnulc'

334 2171 546 2254 conceptione
564 2171 722 2256 perfectu
745 2175 803 2253 est,
827 2171 877 2235 ita
900 2175 938 2235 al
961 2173 1077 2236 Marte
1099 2172 1270 2236 verissime

600 2274 770 2338 tbeotolcos
793 2273 995 2359 adpelletnr.

305 2444 396 2508 Haec
424 2443 522 2526 igitur
549 2445 581 2507 in
605 2436 732 2510 Christo
761 2463 918 2527 personae
950 2443 1059 2508 unitas
1091 2461 1294 2525 nequaquam
1327 2449 1400 2527 post

195 2545 332 2629 uirginis
355 2551 482 2631 partum
505 2544 563 2611 sed
587 2545 620 2610 in
643 2545 714 2630 ipso
738 2544 874 2629 virginis
897 2551 988 2611 utero
1012 2552 1182 2630 compacte
1210 2550 1306 2627 atque
1329 2565 1399 2629 per-

199 2647 286 2714 fecta
309 2654 369 2714 est.
417 2649 485 2729 (21)
510 2673 522 2712 s
545 2647 761 2714 Vehementer
785 2646 925 2714 etenimb
948 2667 1144 2733 praecavere
1168 2647 1332 2729 debemus,
1364 2653 1400 2712 ut

198 2749 358 2816 Christum
381 2771 445 2817 non
468 2750 563 2817 modo
586 2769 684 2816 unum
707 2749 765 2817 sed
790 2752 887 2816 etiam
911 2769 1036 2835 semper
1060 2747 1155 2815 unum
1175 2751 1399 2832 confiteamur,

199 2854 275 2937 quia
297 2852 499 2919 intoleranda
523 2853 726 2938 blasphemia
753 2861 812 2929 est,
847 2860 893 2936 ut,
926 2853 1053 2919 etiamsi
1076 2873 1161 2918 nunc
1185 2872 1257 2919 eum
1281 2862 1399 2918 unum⁰

198 2976 268 3022 esse
302 2956 473 3039 concedas,
506 2955 680 3038 aliquando
713 2961 821 3021 tamen
853 2976 917 3021 non
950 2974 1046 3020 unum
1079 2955 1136 3021 sed
1165 2954 1245 3021 duos
1272 2951 1399 3021 fuisse‘1

197 3059 384 3141 contendas,
409 3079 505 3126 unum
528 3059 654 3125 scilicet
677 3066 751 3144 post
767 3067 893 3144 tempus
910 3058 1123 3144 baptismatis,
1149 3057 1229 3123 duos
1244 3077 1320 3123 vero
1340 3057 1399 3122 sub

195 3169 342 3247 tempore
364 3162 552 3228 nativitatis.
599 3161 730 3240 eQuod
762 3163 938 3228 inmensum
972 3161 1176 3245 sacrilegium
1209 3180 1272 3226 non
1305 3160 1399 3226 aliter

197 3265 343 3348 profecto
367 3264 471 3330 vitare
494 3264 679 3349 poterimus,
703 3265 765 3329 nisi
787 3246 910 3328 unitum
927 3261 1088 3328 hominem
1105 3261 1177 3338 deo,
1201 3261 1259 3328 sed
1277 3263 1398 3328 unitate

197 3385 362 3449 personae,
390 3387 453 3432 non
478 3368 538 3432 ab⁰
561 3367 720 3432 adscensu
744 3366 796 3432 vel
812 3365 1045 3432 resurrectione
1062 3365 1113 3431 vel
1130 3367 1288 3451 baptismo
1296 3363 1316 3449 f,
1341 3365 1398 3431 sed

196 3469 261 3532 iem
285 3469 318 3532 in
341 3473 454 3551 matre,
477 3471 543 3534 iam
566 3468 600 3533 in
623 3475 725 3550 utero,
749 3469 813 3534 iam
837 3467 976 3551 denique
998 3468 1031 3531 in
1055 3468 1127 3552 ipsa
1151 3467 1301 3551 virginali
1325 3488 1398 3533 con·

195 3571 346 3655 ceptione
361 3571 535 3652 fateamur3
553 3578 683 3657 propter
700 3591 794 3653 quam
811 3590 967 3655 personae
983 3571 1138 3635 unitatem
1154 3569 1398 3636 indifferenterss

144 3691 146 3698 ·
198 3680 295 3755 atque
318 3675 496 3758 promiscue
520 3681 562 3756 et,
597 3693 679 3756 quae
703 3673 757 3738 dei
780 3679 853 3744 sunt
876 3673 1017 3758 propria,
1051 3673 1234 3738 tribuuntur
1265 3670 1396 3754 homini,

198 3782 240 3858 et,
274 3796 355 3858 quae
388 3778 494 3842 carnis
527 3776 667 3861 propria,
703 3775 928 3841 adscribuntur
957 3774 1028 3841 deo.
1073 3773 1191 3839 rlnde
1221 3781 1269 3839 est
1302 3776 1397 3857 enim,

195 3877 283 3961 quod
308 3878 461 3943 divinitus
484 3878 638 3963 scriptum
663 3885 722 3959 est,
756 3884 789 3942 et
810 3878 920 3962 filiurn
951 3878 1094 3943 bominis
1122 3878 1331 3942 descendisse
1354 3879 1396 3943 de

358 4120 373 4151 ὓ
388 4108 533 4166 veniendo
552 4127 574 4166 s.
665 4108 784 4164 benirn
802 4110 830 4163 b.
921 4114 982 4174 ⁰†
1003 4108 1068 4165 iarn
1086 4107 1137 4163 12⁴.
1229 4109 1326 4164 desse
1345 4108 1397 4164 1³4.

357 4202 420 4258 0>
438 4213 459 4250 s.
560 4195 573 4237 f
590 4194 784 4266 baptismatis
803 4192 850 4248 ΡΒ.
960 4197 1039 4250 sita
1058 4193 1134 4248 P¹-4
1152 4195 1181 4260 b,
1202 4197 1232 4259 -l-
1254 4194 1282 4250 ei
1299 4197 1339 4249 si.
