3324 4866
252 474 270 527 2
703 467 1003 526 PROLEGOMENA.

253 648 375 694 narum.
423 626 549 695 Novam
573 626 764 711 opinionem,
790 646 884 708 quam
909 624 1055 691 defendit
1079 625 1217 705 Poirol1,
1247 624 1448 692 Vincentium

254 738 395 798 nostrum
411 729 546 795 eundem
563 729 663 795 fuisse
680 749 719 795 ac
736 729 870 793 Marium
887 729 1110 810 Mercatorem,
1134 729 1254 813 optime
1271 730 1450 798 confutavit

253 835 348 918 Hugo
372 833 495 899 Kocb2.

364 937 395 1001 3.
437 933 628 1020 Composuit
651 936 697 1000 ad
725 935 867 999 vitanda
891 935 1134 999 baereticorum
1158 936 1309 1021 cantepia
1343 939 1449 1003 nitido

255 1041 339 1104 satis
363 1047 394 1104 et
423 1045 540 1122 aperto
575 1058 725 1102 sermone
760 1037 1007 1102 validissimum
1042 1037 1315 1121 disputationem,
1349 1061 1450 1123 quam

255 1143 413 1207 absconso
437 1140 570 1204 nomine
593 1159 654 1202 suo
678 1135 892 1204 adtitulavit:
929 1138 1106 1223 Pereprini
1139 1138 1318 1203 adversum
1341 1141 1451 1205 baere-

253 1245 353 1324 tieos;
370 1243 465 1307 cuius
481 1241 592 1326 operis
607 1243 688 1325 quia
700 1241 881 1306 secundant
897 1241 932 1305 in
947 1240 1114 1305 schedulis
1133 1248 1266 1324 partem
1279 1263 1301 1306 a
1316 1244 1450 1326 quibus·

254 1348 335 1412 dane
366 1345 523 1430 furatam
549 1343 713 1427 perdidit,
744 1342 968 1426 recapitulato
1001 1342 1073 1406 eius
1099 1343 1222 1425 paucis
1245 1346 1453 1411 sermonibus

254 1474 363 1534 semu,
387 1451 497 1535 privio
514 1450 677 1535 compepit
701 1454 732 1514 et
747 1452 783 1514 in
798 1468 865 1512 uno
882 1448 967 1512 libro
988 1448 1094 1512 edidit
1101 1449 1124 1516 ⁸.
1171 1447 1249 1513 Cum
1266 1449 1453 1515 Vincentius

254 1555 324 1640 ipse
347 1552 462 1619 libram
486 1571 576 1617 suum
601 1550 794 1633 quinquiens
812 1549 1094 1615 Commonitorium
1119 1548 1342 1635 adpellaverit,
1367 1551 1452 1635 quod

252 1655 479 1723 sublevandae
502 1653 747 1719 recordatiouis
770 1652 822 1718 vel
844 1653 957 1736 potius
980 1652 1156 1716 oblivionis
1172 1672 1249 1718 suae
1264 1656 1378 1739 pratia
1393 1654 1453 1719 sibi

254 1756 418 1845 paraverit
436 1761 468 1819 et
484 1753 570 1837 quod
585 1755 755 1840 paulatim
771 1754 956 1834 recolendo,
982 1775 1066 1837 quae
1084 1755 1252 1836 didicerit,
1277 1757 1455 1822 emendare
1486 1792 1488 1797 ·

256 1869 287 1927 vt
310 1860 449 1946 implere
473 1858 607 1923 cottidie
631 1858 766 1922 domino
785 1865 983 1941 praestante
1008 1865 1192 1922 conaturus
1215 1857 1257 1922 sit
1290 1861 1331 1938 (c.
1358 1861 1386 1939 1,
1413 1861 1454 1940 l),

255 1965 340 2029 hunc
352 1961 479 2027 titulum
495 1959 537 2026 ab
554 1966 685 2024 auctore
701 1959 783 2024 libro
800 1959 1050 2043 superscriptum
1068 1978 1138 2025 esse
1154 1965 1248 2044 putat
1260 1960 1453 2041 Iaelicher43

256 2065 341 2149 quod
355 2072 462 2130 tamen
479 2062 557 2127 mibi
573 2063 676 2127 minus
691 2063 855 2146 probatur.
880 2062 983 2127 Priori
1000 2060 1248 2129 Commonitorio
1265 2083 1299 2129 se
1321 2064 1455 2129 alterum

256 2168 441 2234 adiunxisse
465 2165 654 2231 Vincentius
678 2166 771 2231 testis
795 2164 991 2231 certissimus
1015 2165 1100 2245 est⁵;
1125 2170 1159 2230 at
1182 2173 1353 2249 antequam
1376 2187 1455 2253 opus

257 2271 377 2354 ederet,
411 2269 546 2335 alteram
577 2273 701 2353 partem
732 2268 795 2333 iam
824 2268 957 2352 periisse
990 2274 1100 2333 narrat
1128 2268 1315 2334 Gennadius
1349 2277 1382 2335 et
1415 2290 1455 2335 ex

255 2393 354 2460 opere
378 2374 448 2458 ipso
472 2370 630 2456 adparere
654 2369 839 2450 videbatur;
873 2390 946 2434 nam
979 2370 1012 2434 in
1041 2390 1088 2436 cc.
1113 2370 1256 2451 29-33,
1289 2373 1345 2437 ubi
1374 2392 1456 2455 quae

256 2482 326 2543 toto
356 2495 453 2560 opere
486 2472 652 2557 disputata
683 2477 756 2537 sunt
788 2472 991 2556 recapitulat,
1025 2479 1137 2538 auctor
1170 2473 1307 2556 priorem
1341 2475 1457 2540 librum

258 2577 439 2665 perpaucis,
464 2576 598 2642 alteram
621 2575 720 2641 multo
745 2574 905 2660 copiosius
929 2574 1078 2640 absolvit.
1125 2575 1239 2658 Itaque
1263 2579 1457 2642 recentiores

256 2683 431 2767 scriptores
464 2698 573 2745 omnes
605 2677 673 2742 fere
707 2676 876 2743 Genuadio
909 2676 1097 2762 adstipulati
1131 2681 1244 2758 suut⁶3
1279 2679 1319 2742 H.
1344 2679 1455 2744 Koch⁷

259 2804 335 2850 vero
360 2803 401 2849 ex
425 2802 453 2848 c.
477 2782 532 2863 29,
558 2781 598 2844 12
632 2799 689 2845 suo
720 2778 849 2862 quidem
879 2780 948 2844 iure
977 2779 1099 2861 effecit,
1136 2778 1350 2862 Vincentium,
1386 2800 1457 2845 cum

258 2884 557 2971 recapitulationem
581 2883 745 2958 scriberet,
778 2889 946 2964 utrumque
976 2880 1089 2945 librum
1118 2887 1149 2945 et
1173 2887 1247 2945 ante
1272 2883 1381 2948 oculos
1404 2881 1458 2946 ba-

259 2988 366 3055 buisse
391 2993 423 3052 et
447 3006 510 3051 una
540 3005 612 3052 cum
647 2985 912 3070 recapitulatione
947 2981 1105 3048 editurum
1138 2983 1248 3048 faisse.
1296 2983 1362 3050 Sed
1396 3003 1458 3068 quo

258 3098 404 3175 tempore
428 3086 616 3154 Gennadius
648 3086 763 3150 librum
795 3086 845 3150 De
878 3084 956 3149 viris
987 3083 1173 3151 inlustribus
1206 3085 1345 3170 scripsit,
1378 3086 1400 3152 i.
1430 3106 1458 3152 e.

260 3195 347 3258 circa
364 3210 480 3255 annum
496 3190 572 3272 480,
597 3189 731 3254 alterum
748 3187 1030 3253 Commonitorium
1047 3193 1139 3251 extra
1159 3187 1459 3271 recapitulationem

260 3297 292 3359 in
317 3292 483 3358 codicibus
512 3291 673 3356 Vincentii
698 3290 761 3355 iam
797 3287 1050 3371 desiderabatur,
1086 3287 1171 3354 unde
1207 3290 1258 3354 vel
1294 3291 1363 3375 ipse
1388 3311 1460 3358 con·

261 3447 474 3458 ....---———

368 3529 379 3566 1
399 3529 444 3585 De
463 3536 593 3599 utroque
613 3527 849 3583 Commonitorio
869 3527 1036 3594 Lerinensi‚
1057 3528 1136 3596 diss,
1157 3528 1262 3597 Nancy
1283 3527 1360 3583 1895.

370 3613 382 3652 ²
402 3615 577 3670 Vincentius
596 3631 656 3669 von
677 3614 820 3669 Lerinum
834 3612 898 3667 und
912 3613 1025 3668 Marius
1036 3613 1184 3668 Mercator
1200 3612 1312 3676 (Theoi.
1325 3611 1460 3676 Quartal·

262 3701 375 3769 schrift,
395 3700 472 3754 Tub.
494 3699 570 3767 1899,
590 3699 753 3766 396-434).

370 3783 382 3822 ⁸
400 3784 578 3842 Gennadius
597 3785 616 3839 l.
629 3784 646 3838 l.

373 3868 386 3906 ⁴
403 3870 478 3925 Elui.
498 3867 548 3923 1v.

370 3951 460 4010 ⁵Ctr.
481 3969 505 4008 c.
524 3953 567 4021 98,
588 3952 633 4020 12;
653 3951 696 4020 29,
716 3954 745 4018 1;
765 3951 807 4019 83,
828 3951 854 4006 5.

370 4035 382 4074 ⁶
401 4039 501 4106 Ebert,
520 4036 598 4107 Allg.
618 4035 724 4092 Gosch.
745 4035 799 4090 der
817 4036 874 4091 Lit.
891 4033 924 4090 Ι2
941 4036 994 4090 tro
1013 4035 1082 4089 adn.
1103 4035 1131 4104 1;
1151 4033 1305 4089 luelicher
1323 4033 1340 4088 l.
1354 4033 1372 4087 l.

373 4120 384 4159 l
403 4123 518 4179 11414
537 4138 574 4177 ss.
1024 4157 1031 4172 .
