3324 4866
229 523 266 577 44
711 519 767 576 xx
788 521 856 575 1-o
876 521 942 588 (ac),

268 746 343 810 XX.
390 745 563 832 Definitor
584 746 695 810 ‘veros
719 751 751 809 et
774 764 956 830 permultos
979 742 1198 825 catholicos’;
1225 742 1386 808 baeretici

639 847 759 931 paleae
783 848 1017 931 conferantur.

338 983 407 1064 (25)
431 981 522 1061 Quae
546 1002 617 1047 cum
642 982 687 1047 ita
711 982 784 1064 sint,
809 981 863 1046 ille
880 989 930 1045 est
946 1000 1041 1046 verus
1058 988 1090 1046 et
1105 987 1297 1064 germanus*
1320 978 1431 1044 catho-

228 1086 320 1167 licus,
360 1085 415 1168 qui
448 1085 617 1150 veritatem
652 1083 715 1166 dei,
756 1084 808 1166 qui
847 1084 1026 1167 ecclesiam,
1063 1085 1117 1166 qui
1142 1083 1259 1148 Christi
1295 1084 1430 1165 corpusl

229 1187 345 1271 diligit,
369 1187 424 1268 qui
449 1184 579 1250 divinae
603 1184 762 1268 religioni,
787 1184 842 1267 qui
859 1183 1040 1249 catholicae
1057 1183 1136 1248 fidei
1153 1183 1232 1248 nibil
1250 1182 1429 1267 praeponit,

228 1311 291 1354 non
316 1289 452 1354 hominis
468 1286 646 1372 cuiuspiam
663 1288 897 1368 auctoritatem,
921 1307 985 1352 non
1001 1306 1151 1368 amorem,
1175 1307 1239 1351 non
1255 1286 1429 1369 ingenium,

228 1412 291 1457 non
316 1391 541 1474 eloquentiam,
564 1409 627 1454 non
644 1388 889 1475 philosophiam,
914 1414 926 1453 a
942 1387 1000 1454 sed
1017 1388 1098 1454 baec
1116 1396 1231 1454 cuncta
1248 1386 1431 1472 despiciens

229 1495 303 1560 etin
314 1493 382 1558 lide
393 1493 482 1558 fixus
495 1491 622 1558 stabilis
637 1511 838 1576 permanens,
852 1490 1003 1573 quicquid
1022 1490 1244 1556 universaliter
1255 1491 1429 1572 antiquitus

229 1597 399 1664 ecclesiam
425 1595 616 1661 catholicam
633 1595 773 1660 tenuisse
792 1595 990 1679 cognoverit,
1007 1593 1041 1659 id
1059 1594 1160 1659 solum
1180 1594 1242 1659 sibi
1257 1592 1429 1658 tenendum

229 1698 488 1781 credendumque
512 1696 668 1779 decernit,
693 1695 845 1779 quicquid
879 1716 954 1761 vero
985 1696 1026 1761 ab
1057 1696 1164 1778 aliquo
1190 1694 1343 1779 deinceps
1366 1715 1429 1760 uno

228 1809 357 1886 praeter
389 1820 499 1866 omnes
528 1799 581 1865 rel
611 1806 722 1864 contra
746 1798 877 1865 omnesb
901 1805 1030 1864 sanctos
1052 1818 1170 1864 novum
1194 1805 1227 1863 et
1249 1797 1429 1863 inauditum

227 1903 396 1969 subinduei
427 1901 574 1984 senserit,
598 1900 632 1965 id
661 1920 724 1966 non
752 1899 794 1966 ad
823 1901 1010 1984 religionem
1038 1899 1095 1966 sed
1119 1899 1162 1965 ad
1187 1900 1430 1985 temptationem

227 2007 335 2091 potius
358 2005 538 2088 intellegit⁰
562 2004 731 2089 pertinere,
768 2011 836 2068 tum
865 2004 1039 2088 praecipue
1064 2004 1150 2068 beati
1175 2003 1312 2088 apostoli
1336 2002 1429 2067 Pauli

228 2107 370 2174 eruditus
394 2106 540 2190 eloquiis.
586 2131 599 2171 a
615 2106 686 2170 Hoc
702 2112 751 2172 est
767 2107 861 2188 enim,
887 2105 973 2188 quod
990 2107 1023 2170 in
1042 2107 1147 2191 prima
1164 2105 1206 2170 ad
1224 2102 1427 2171 Corinthiosd

227 2209 352 2275 scribit:
378 2211 526 2294 Oportet,
550 2207 664 2291 inquit,
694 2213 724 2273 et
747 2209 901 2273 bocresee
926 2230 1004 2289 esee,
1034 2214 1072 2272 ut
1090 2210 1229 2293 probati
1256 2209 1431 2294 manifesti

225 2313 313 2398 fiant
335 2313 372 2377 ia
395 2313 527 2390 vobie²,·
551 2330 589 2375 ao
613 2311 640 2375 si
665 2309 803 2376 diceret:
851 2310 901 2377 Ob
926 2309 1007 2376 boce
1031 2310 1208 2376 haereseon
1231 2331 1294 2376 non
1318 2312 1427 2378 statim

227 2413 382 2478 divinitus
399 2410 603 2477 eradicantur
627 2418 785 2492 auctores,
809 2419 845 2475 ut
867 2411 994 2496 probati
1019 2411 1179 2477 manifesti
1204 2411 1296 2488 fiant,
1313 2411 1346 2475 id
1364 2416 1427 2477 est:

228 2512 283 2581 utf
308 2515 526 2598 mrusquisque
543 2534 639 2597 quam
662 2520 760 2579 tenax
784 2521 817 2579 et
841 2513 951 2579 fidelis
975 2521 1007 2578 et
1029 2514 1117 2580 fixus
1141 2514 1322 2580 catholicae
1346 2514 1426 2579 fidei

226 2619 268 2683 sit
291 2624 415 2682 amator
438 2615 605 2701 adpareat.

333 2745 346 2783 a
369 2720 412 2784 Et
434 2738 557 2801 revera,
582 2738 654 2783 cum
679 2738 825 2802 quaeque
848 2719 975 2784 nouitas
998 2703 1120 2801 ebullit,
1154 2720 1264 2786 statim
1289 2720 1429 2785 cernitur

226 2822 458 2887 frumentorum
486 2821 631 2905 gravitas
664 2828 696 2885 et
718 2821 835 2886 levitas
859 2822 1060 2906 palearum³;
1096 2829 1173 2887 tunc
1208 2821 1276 2887 sine
1311 2841 1428 2905 magno

226 2925 387 2990 molimine
412 2923 574 2990 excutitur
597 2924 638 2989 ab
662 2944 749 3005 area,
785 2923 870 3005 quod
904 2924 990 2989 nullo
1023 2925 1164 3009 pondere
1199 2926 1283 2990 intra
1318 2945 1428 2990 aream

225 3028 405 3092 tenebatur.
452 3027 599 3109 Namque
633 3026 688 3091 alii
721 3025 808 3092 illico
842 3046 971 3110 prorsus
1004 3027 1224 3112 peravolantss,
1260 3028 1315 3093 alii
1339 3047 1427 3109 vero,

226 3128 447 3196 tantummodo
482 3126 642 3212 excussih,
678 3137 710 3194 et
739 3129 844 3213 perire
873 3135 1016 3193 metuunt
1041 3137 1073 3195 et
1097 3129 1202 3195 redire
1225 3132 1426 3206 erubescunt,

224 3234 337 3314 saucii,
362 3234 539 3298 semineces
562 3252 601 3297 ac
624 3232 780 3306 semivivi,
807 3233 926 3316 quippe
950 3233 1004 3314 qui
1023 3230 1160 3298 tantam¹
1184 3234 1298 3298 veneni
1316 3233 1427 3298 bause-

225 3336 289 3400 rint
313 3336 536 3418 quantitatem,
562 3354 644 3417 quae
660 3353 720 3399 nec
736 3333 865 3400 occidat
881 3354 942 3400 nec
959 3334 1134 3419 digeratur,
1159 3356 1219 3401 neo
1235 3337 1314 3401 mori
1332 3343 1427 3420 cogat

224 3458 285 3503 nec
309 3440 418 3504 vivere
441 3438 535 3504 sinat.
582 3438 682 3502 aHeu
706 3436 889 3502 miseranda
914 3437 1068 3504 conditio!
1109 3437 1244 3517 Quantis
1269 3438 1316 3503 illi
1339 3459 1427 3504 cura·

225 3562 296 3605 rum
320 3540 472 3622 aestibus,
496 3539 625 3623 quantis
649 3539 828 3605 turbinibus
845 3539 1064 3624 exagitantur!
1100 3540 1194 3607 Nunc
1210 3541 1338 3623 etenim,
1363 3561 1427 3622 qua

226 3651 340 3709 ventus
364 3642 536 3728 impulerit,
570 3641 704 3706 incitato
729 3661 836 3706 errore
864 3643 1040 3727 rapiuntur,
1072 3643 1214 3708 nuncin
1237 3644 1426 3727 semetipsos

386 3796 447 3856 Η-
469 3795 497 3847 et
516 3792 561 3847 sb.
661 3793 678 3834 b
706 3793 752 3847 vel
776 3795 882 3848 contro
911 3809 1014 3849 omnes
1031 3800 1066 3856 >
1090 3791 1138 3847 1³¹.
1247 3791 1426 3863 etntetteqet

387 3872 456 3938 ΡΜ,
474 3874 631 3946 intellegat
650 3893 671 3931 s.
745 3874 813 3940 dl·
834 3875 969 3946 epistola
987 3879 1016 3932 b.
1105 3881 1165 3939 Η-
1186 3875 1290 3948 inquit
1308 3875 1385 3931 Ρ184
1402 3895 1426 3933 s.

387 3960 452 4101 {a}
470 3977 551 4100 ΞΗ
567 3971 584 4012 s
602 3963 645 4015 ita
666 3959 754 4027 ΡΗ,
773 3963 898 4017 avolant
917 3963 971 4017 sbi.
1048 3961 1190 4018 hortensi
1209 3961 1257 4017 Pl.
1330 3961 1340 4004 ¹
1358 3965 1428 4018 too-

333 4169 437 4239 ¹pr
458 4169 544 4236 1‚23.
653 4165 665 4205 ²
684 4171 699 4223 1
719 4167 787 4225 Cor.
809 4169 850 4236 11,
873 4170 914 4224 19.
1022 4166 1157 4224 ³Matth.
1170 4169 1196 4237 3,
1217 4168 1259 4223 12.
