3324 4866
226 503 261 558 56
622 504 706 560 XXV
725 505 893 560 lO—XXVI
913 507 925 560 1
947 507 1013 574 (37).

226 665 348 749 videas,
387 673 463 732 tunc
497 669 683 754 transferri
715 676 854 753 patrant
895 670 1054 734 terminos
1062 672 1083 752 ¹,
1123 675 1198 735 ωηο
1231 670 1423 735 catholicam

225 769 325 834 fidem
350 768 453 851 caedi,
478 775 553 834 tunc
577 769 830 837 ecclesiasticum
855 771 973 855 dogma
996 771 1142 837 lacerari.

332 873 400 952 (37)
427 897 451 936 ιο
475 873 571 939 Tales
596 880 687 938 erant
710 873 753 955 hi,
788 893 868 955 quos
892 875 1031 959 percutit
1063 874 1227 959 apostolus
1250 875 1368 940 Paulus
1391 877 1432 940 in

228 975 370 1042 secunda
393 975 434 1039 ad
453 974 656 1040 Corinthios*
678 975 805 1042 dicens:
844 979 935 1042 Nom
951 979 1124 1060 eiusmodi,
1148 978 1262 1060 inquit,
1280 979 1424 1063 pseudo

226 1076 404 1165 apostolib,
444 1080 595 1163 operarii
628 1080 770 1167 subdoli,
804 1082 1085 1167 transfipararttes
1117 1103 1152 1146 se
1183 1083 1220 1146 irt
1256 1082 1426 1165 apostolos

230 1181 384 1249 Curiatii
432 1207 456 1245 11
474 1179 558 1258 Quid
575 1187 640 1247 est:
665 1184 946 1268 transfipttrantcs
962 1190 1016 1248 so⁶
1037 1184 1074 1248 ia
1089 1185 1258 1269 apostolos
1277 1180 1424 1249 Christi?

226 1284 439 1350 Profcrebant
463 1286 599 1369 apostoli
627 1284 756 1350 divinae
779 1285 861 1370 legis
884 1287 1045 1370 exempla:
1079 1286 1288 1370 proferebant
1312 1295 1344 1351 et
1367 1286 1424 1351 illi.

226 1387 438 1453 Proferebant
462 1386 599 1471 apostoli
623 1387 816 1471 psalmorum
840 1388 1066 1454 auctoritates:
1090 1389 1299 1473 proferebant
1319 1394 1352 1453 et
1367 1389 1424 1452 illi.

226 1489 438 1554 Proferebant
461 1490 598 1573 apostoli
623 1491 796 1555 sententias
826 1491 1068 1575 prophetarum:
1093 1498 1126 1556 et
1149 1491 1196 1556 illi
1220 1490 1425 1556 nihilominus

229 1593 447 1678 proferebant.
494 1618 519 1656 a
544 1591 608 1657 Sed
633 1613 703 1657 oum
728 1613 777 1669 ea,
810 1613 893 1676 quae
916 1593 1063 1659 similiter
1086 1595 1296 1678 protulerant,
1330 1593 1425 1658 inter·

226 1697 346 1779 pretari
363 1690 447 1760 nond
464 1695 607 1760 similiter
624 1697 813 1779 coepissent,
838 1702 915 1760 tunc
938 1697 1099 1780 simplices
1123 1717 1143 1761 a
1167 1696 1320 1778 subdolis,
1350 1702 1425 1760 ωηο

226 1798 361 1862 infucati
386 1819 406 1862 a
430 1798 558 1881 fucatis,
591 1806 666 1862 tunc
698 1800 779 1863 recti
804 1820 824 1862 a
851 1800 1020 1882 perversis,
1056 1806 1133 1864 ωηο
1166 1805 1325 1883 postremo
1358 1796 1426 1862 veri

229 1902 366 1984 apostoli
391 1923 410 1965 a
437 1901 529 1966 falsis
553 1902 705 1985 apostolis
741 1901 1013 1968 discernebantur.
1061 1928 1086 1967 ιο
1110 1905 1156 1968 Et
1192 1923 1259 1967 nor
1292 1904 1425 1984 miram,

227 2003 340 2085 inquit,
376 2004 448 2087 ipae
481 2005 568 2067 enim
600 2010 740 2069 satanas
772 2006 995 2090 transfiguraret
1022 2026 1056 2069 se
1079 2005 1116 2068 irt
1140 2004 1296 2088 arpalum
1331 2004 1425 2068 iocis.

230 2109 309 2171 Non
333 2113 380 2171 est
405 2127 480 2191 erpo
504 2126 673 2191 mopiam,
709 2107 739 2171 ai
762 2106 911 2171 ministri
934 2108 1005 2171 eius
1029 2108 1319 2192 transfiparorrtar
1341 2106 1427 2169 sicot

227 2209 376 2272 minmtri
399 2209 576 2273 iustitiaef.
625 2233 650 2271 η
674 2208 771 2290 Ergo,
800 2208 974 2273 seeundum
999 2208 1136 2292 apostoli
1160 2206 1251 2271 Pauli
1275 2207 1426 2290 magiste-

227 2312 318 2392 rium,
336 2311 619 2392 quotienscumque
636 2311 687 2377 vel
703 2310 964 2395 pseudoapostoli
982 2311 1033 2376 vel
1049 2308 1351 2395 pseudoprophetae
1375 2308 1427 2373 vel

228 2412 500 2498 pseudodoctores
524 2413 653 2478 divinae
677 2413 758 2497 legis
782 2413 957 2478 sententias
990 2413 1167 2499 proferunt,
1206 2412 1320 2494 quibus
1342 2410 1426 2476 male

228 2516 448 2600 interpretatis
481 2535 602 2582 errores
626 2537 700 2582 suos
724 2517 890 2582 adstruere
914 2523 1078 2599 conentur,
1110 2537 1173 2580 ηοη
1206 2514 1337 2579 dubium
1368 2520 1426 2595 est,

230 2619 305 2702 quin
322 2619 461 2684 auctoris
477 2618 548 2684 sui⁴=
564 2619 684 2684 callida
700 2618 957 2685 machinamenta
973 2625 1144 2700 sectentur,
1170 2636 1252 2699 qnae
1269 2616 1323 2681 illc
1339 2635 1425 2681 num·

230 2740 325 2804 quam
348 2720 494 2806 profecto
519 2721 820 2804 comminisceretur,
856 2721 917 2786 nisi
941 2721 1038 2788 sciret
1062 2720 1189 2786 omnino
1212 2719 1333 2783 nullam
1357 2737 1427 2784 esse

228 2824 270 2889 ad
295 2823 470 2889 fallendum
494 2824 672 2889 faciliorem
696 2825 791 2906 viam,
816 2844 911 2907 quam
928 2830 972 2902 ut,
997 2825 1050 2889 ubi
1075 2823 1191 2888 nefarii
1215 2821 1332 2887 erroris
1356 2821 1429 2886 sub·

228 2927 388 2992 inducitur
426 2926 654 3010 fraudulentia,
692 2928 737 2991 ibi
774 2925 953 2992 divinorum
991 2927 1160 2991 verborum
1197 2923 1428 3010 praetendatur

229 3028 414 3096 auctoritas.

231 3239 353 3303 XXVI.
402 3241 444 3304 Irt
473 3260 514 3303 ea
543 3260 580 3304 re
612 3240 770 3306 haeretici
799 3247 956 3304 satanam
979 3239 1168 3321 imitaretur,
1208 3238 1281 3322 ‘qai
1315 3238 1429 3322 ipsam

282 3343 453 3406 dominam
477 3343 662 3407 maiestatis
685 3343 936 3426 scripturaram
960 3343 1158 3407 testimoniis
1182 3339 1371 3426 adpetivit’.

338 3475 404 3541 Sed
437 3475 543 3542 dicet⁰
576 3476 709 3558 aliquis:
756 3473 850 3541 Unde
883 3477 1046 3561 probatur,
1080 3471 1177 3558 quiaf
1206 3495 1318 3541 sacrae
1345 3476 1428 3559 legis

231 3578 387 3663 exemplis
410 3577 557 3644 diabolus
581 3578 627 3643 uti
651 3578 779 3644 soleat?
825 3578 932 3663 Legat
955 3578 1133 3663 evangelia,
1158 3577 1191 3643 in
1215 3577 1331 3661 quibus
1354 3577 1430 3643 seri·

229 3681 328 3746 bitur:
352 3679 444 3745 Tunc
461 3679 651 3764 adsumpsit
665 3679 787 3744 iilunag
810 3680 965 3745 diabolas
986 3678 1031 3758 (id
1048 3685 1113 3745 est:
1139 3678 1302 3744 dominum
1326 3680 1430 3745 salva·

390 3853 451 3913 rt-
473 3848 606 3920 epistula
625 3851 653 3904 b.
758 3849 775 3892 b
796 3853 826 3915 -Ι-
841 3853 914 3906 sant
932 3853 960 3905 b.
1052 3851 1307 3922 ⁰trortsriqarant
1325 3866 1387 3905 sese
1407 3866 1428 3904 s.

391 3932 535 4072 {ie-taipsi
554 3932 605 3989 Pi.
713 3933 818 3992 edica
836 3933 904 3990 pet,
1006 3935 1118 4007 ‘qood
1137 3952 1159 3990 s.
1237 3939 1305 4000 s-l-
1327 3932 1431 4005 inquit

341 4160 561 4228 1Prov.aa,28.
634 4159 865 4226 ²200r.11‚13.
938 4158 1203 4227 ³aCor.11,14s.
1275 4159 1431 4215 ⁴diaboli.
