3324 4866
243 481 278 536 14
737 477 778 531 1v
798 477 869 532 3-b
888 477 936 541 (6).

242 654 319 720 pars
341 633 472 700 Africae
504 633 537 696 in
566 632 683 698 erroris
716 632 765 696 sui
788 631 890 701 furias
923 629 1182 715 praecipitarer,
1216 649 1361 714 cumque,
1395 633 1441 696 in-

242 756 362 803 memor
385 734 521 802 nominis
544 733 708 817 religionis
731 733 951 818 professionis,
975 733 1067 800 unius
1092 732 1227 799 hominis
1250 735 1440 819 sacrilegam

243 839 455 906 temeritatem
479 837 636 905 ecclesiae
660 835 779 902 Christi
802 842 1025 920 praeponeret,
1050 842 1136 918 tunc,
1170 837 1360 919 quicumque
1384 857 1442 922 per

242 940 387 1008 Africam
412 939 577 1006 constituti
606 939 743 1024 profano
768 939 942 1006 schismate
967 936 1127 1004 detestato
1150 939 1307 1005 universis
1331 938 1441 1005 mnndi

237 1043 388 1112 ecclesiis
422 1041 580 1108 adsociati
613 1048 698 1124 sunt,
737 1042 796 1107 soli
832 1060 872 1106 ex
904 1039 967 1105 illis
1001 1040 1148 1106 omnibus
1182 1041 1266 1106 intra
1301 1043 1441 1108 sacraria

237 1144 422 1212 catholicae
446 1142 527 1209 fidei
550 1142 631 1208 salvi
655 1163 726 1209 esse
754 1149 937 1228 potuerunt,
970 1143 1136 1226 egregiam
1168 1142 1315 1228 proiecto
1349 1144 1442 1210 relin-

236 1254 397 1330 quanter
419 1247 556 1332 posteris
571 1246 717 1328 formam,
742 1243 1010 1328 quemadmodum
1026 1242 1171 1312 scilicetb
1188 1243 1342 1330 deinceps
1359 1246 1441 1315 bono

237 1369 330 1416 more
353 1349 445 1416 nnius
477 1355 533 1414 ant
561 1353 648 1414 certe
676 1367 851 1432 paucorum
886 1347 1037 1412 vesaniae
1070 1347 1288 1414 universorum
1321 1350 1442 1414 sanitas

239 1452 465 1517 anteferretur.

349 1553 395 1633 (6)
418 1578 431 1618 a
454 1553 535 1622 Item
560 1551 688 1634 quando
704 1551 934 1618 Arrianornm⁰
960 1571 1116 1617 venenum
1139 1573 1202 1617 non
1223 1554 1285 1618 iam
1302 1555 1442 1638 portiun-

243 1657 348 1724 culam
372 1654 533 1738 quandam
556 1653 613 1720 sed
636 1673 739 1738 paene
763 1655 871 1719 orbem
895 1659 996 1718 totum
1020 1655 1324 1738 contaminaverat2,
1360 1655 1441 1722 adeo

242 1765 278 1823 ut
312 1777 413 1844 prope
449 1757 573 1823 cunctis
607 1757 699 1826 latini
732 1756 887 1822 sermonis
922 1755 1084 1842 episcopis
1118 1757 1235 1842 partim
1264 1760 1296 1823 ri
1325 1760 1441 1842 partim

243 1860 358 1927 fraude
383 1859 527 1944 deceptis
551 1859 656 1942 caligo
674 1857 832 1941 quaedam
849 1858 1008 1924 mentibus
1025 1858 1264 1940 obtunderetur,
1289 1859 1442 1942 quidnam

242 1965 443 2049 potissimum
466 1963 499 2030 in
527 1967 618 2028 tanta
646 1981 749 2026 rerum
780 1961 967 2027 confusione
996 1960 1193 2044 sequendum
1225 1962 1318 2046 foret,
1355 1970 1440 2046 tunc,

241 2066 388 2150 quisquis
410 2084 504 2132 verua
527 2064 645 2130 Christi
668 2069 791 2129 amator
815 2068 848 2128 et
872 2063 974 2128 cultor
998 2064 1129 2137 exstitit,
1154 2065 1317 2146 antiquam
1341 2063 1440 2134 fidem

240 2169 389 2236 novellae
413 2165 573 2253 perfidiae
598 2162 843 2251 praeferendod,
867 2167 955 2232 nnlla
979 2167 1121 2250 contagii
1144 2167 1244 2251 ipsius
1267 2173 1359 2253 peste
1377 2189 1442 2232 ma·

236 2272 368 2337 culatus
393 2277 451 2336 est.
497 2271 632 2336 atinias
665 2269 794 2352 quidem
826 2271 979 2354 temporis
1013 2269 1156 2353 periculo
1180 2271 1259 2335 satis
1283 2289 1441 2356 superque

242 2383 451 2443 monstratum
475 2383 534 2453 est,
560 2382 711 2460 quantum
736 2375 906 2441 invehatur
929 2376 1122 2442 calamitatis
1145 2377 1264 2442 novelli
1281 2376 1442 2461 dogmatis

242 2480 437 2546 inductione.
485 2481 576 2545 Tunc
607 2477 765 2561 siqnidem
792 2499 855 2543 non
879 2479 979 2545 solum
1003 2499 1125 2563 parvae
1158 2499 1218 2560 res,
1255 2478 1312 2546 sed
1346 2480 1442 2545 etiam

243 2583 402 2647 maximae
426 2581 645 2648 labefactatae
669 2582 772 2646 suntl.
818 2579 888 2647 Nec
912 2581 996 2646 enim
1020 2586 1145 2646 tantum
1173 2580 1363 2648 adfinitates
1391 2601 1441 2646 cc-

243 2686 411 2772 gnationes
427 2685 589 2750 amicitiae
606 2684 729 2766 domus,
758 2683 980 2750 verumetiam
1004 2685 1099 2749 urbes
1123 2685 1233 2770 populi
1256 2683 1442 2770 provinciae

244 2789 400 2865 nationes,
424 2787 607 2853 universnm
630 2792 790 2870 postremo
815 2786 994 2851 Romanum
1017 2786 1185 2871 imperium
1202 2786 1346 2852 funditus
1370 2805 1442 2851 con-

238 2910 371 2956 cussum
395 2896 427 2954 et
451 2897 589 2954 emotum
606 2894 665 2953 est.
716 2913 729 2952 a
744 2888 891 2970 Namque
908 2906 979 2952 cum
996 2888 1132 2973 profana
1149 2889 1220 2971 ipsa
1236 2889 1442 2953 Atrianorum

406 3121 647 3193 arettnqnenus.
743 3122 812 3186 Η
833 3124 901 3176 ets.
1011 3123 1083 3175 sita
1102 3120 1175 3188 P4b,
1195 3119 1358 3177 Arriorum
1377 3120 1442 3190 P13,

404 3207 594 3262 Arianorum
613 3223 635 3262 s.
709 3204 726 3248 <1
742 3206 969 3276 praeferendae
988 3204 1039 3259 Pl.

351 3361 533 3434 1Vergente
552 3363 673 3418 saeculo
703 3368 811 3432 quarto
840 3364 872 3416 in
891 3359 995 3415 Africa
1023 3362 1126 3432 plures
1151 3362 1245 3416 fuisse
1274 3362 1443 3416 haereticos

237 3454 274 3503 et
302 3449 507 3504 schismaticos
536 3463 627 3518 quam
656 3449 818 3502 catholicos
846 3449 930 3502 testis
958 3452 1004 3502 est
1022 3447 1177 3501 Possidius
1198 3445 1278 3514 (Vita
1296 3461 1318 3502 s.
1339 3445 1443 3516 Augu·

245 3533 315 3587 stini
335 3533 375 3598 7):
395 3531 505 3602 Sisque
525 3530 690 3588 adiuuante
710 3530 834 3587 domino
853 3533 953 3586 leuare
972 3529 1007 3585 in
1021 3528 1132 3601 Africa
1151 3529 1277 3588 ecclesia
1296 3529 1442 3588 catholica

237 3632 354 3672 -ereorsa
372 3620 416 3672 est
435 3620 535 3687 caput,
554 3632 641 3686 quae,
659 3617 754 3672 mutto
774 3619 906 3686 temporo
918 3613 984 3672 illic
997 3613 1271 3672 convalescentibus
1284 3612 1443 3678 haereticis
1512 3625 1516 3639 ⁴

234 3699 469 3771 praecipueque
487 3699 694 3769 rebaptizante
706 3699 824 3755 Donati
838 3703 931 3770 parte
948 3699 1097 3755 maiorem
1109 3696 1340 3754 multitudinem
1353 3698 1443 3769 Afro·

244 3803 321 3847 rum,
342 3789 468 3842 seducta
487 3788 515 3840 et
532 3787 676 3855 obpressa
695 3783 819 3840 iacebat.
928 3782 941 3822 ²
958 3785 1161 3852 Hieronymus
1181 3783 1219 3838 de
1238 3783 1356 3852 synodo
1376 3783 1444 3840 Ari-

244 3873 372 3926 minensi
398 3886 479 3925 anno
508 3870 561 3926 359
588 3870 692 3924 habita
721 3871 764 3924 ita
792 3871 928 3939 queritur
957 3868 1045 3933 (Dial.
1064 3867 1134 3922 adv.
1153 3867 1364 3923 Luciferianoe
1384 3868 1443 3933 19):

244 3952 399 4026 Ingemuit
416 3957 497 4009 totus
516 3953 598 4010 orbis
617 3957 644 4010 et
664 3951 818 4009 Arianum
836 3968 869 4008 se
888 3968 952 4009 esse
974 3950 1107 4008 miratus
1127 3954 1177 4006 est.
1287 3948 1443 4008 ³Adludit

245 4040 285 4094 ad
303 4039 378 4093 illud
397 4037 530 4094 Salustii
548 4039 625 4108 (Ing.
647 4039 704 4108 10):
724 4038 806 4094 Nam
825 4036 989 4094 concordia
1003 4051 1122 4106 paruae
1141 4051 1190 4092 res
1209 4039 1355 4107 crescunt,
1383 4035 1445 4094 dis.-

238 4121 353 4179 -eardia
370 4121 525 4178 manimae
544 4122 733 4179 ditabuntur.
