3324 4866
664 479 764 534 XXIII
783 477 870 531 5-11
890 477 956 546 (30).
1374 476 1408 529 49

211 640 324 707 eadem
348 647 465 723 tamen,
491 661 573 724 quae
597 649 698 723 erant,
732 651 929 727 permanent.
976 666 989 706 ι
1013 640 1147 706 Multum
1170 639 1303 704 interest
1326 639 1409 704 inter

210 745 367 830 pueritiae
390 744 505 808 florem
529 752 561 810 et
585 746 758 818 senectutis
774 745 1002 826 maturitatem,
1027 743 1085 809 sed
1101 743 1220 808 iidema
1243 743 1305 827 ipsi
1324 741 1409 805 fiunt

211 864 312 929 senes,
337 847 391 928 qui
414 847 542 912 fuerant
566 847 800 930 adulescentes,
835 856 880 931 ut,
915 848 1061 932 quamvis
1084 847 1178 912 unius
1202 844 1409 926 eiusdemque

210 950 348 1016 hominis
363 957 467 1017 status
483 950 674 1033 habitusque
690 957 839 1033 mutetur,
864 972 927 1016 una
942 959 1050 1016 tamen
1066 949 1272 1020 nihilominus
1284 948 1410 1014 eadem-

211 1074 273 1138 que
288 1060 414 1137 natura,
431 1073 494 1118 una
507 1052 683 1137 eademque
699 1075 837 1138 persona
853 1055 903 1120 sit.
931 1055 1038 1120 Parva
1054 1055 1241 1120 lactentium
1256 1053 1408 1134 membra,

210 1179 329 1241 magna
363 1159 528 1222 iuvenum:
565 1157 678 1223 eadem
707 1159 778 1243 ipsa
801 1165 874 1224 sunt
899 1165 1016 1222 tamen.
1062 1158 1184 1236 cQuot
1208 1157 1410 1242 parvulorum

212 1266 309 1342 artus,
343 1269 391 1325 tot
423 1259 573 1343 virorum,
607 1268 640 1326 et
669 1262 696 1326 si
726 1280 790 1343 qua
813 1261 870 1326 illa
893 1267 976 1343 sunt,
1010 1279 1093 1344 quae
1124 1261 1195 1325 aevi
1229 1259 1410 1325 maturioris

212 1369 320 1430 aetate
342 1364 519 1448 pariuntur,
543 1363 606 1427 iam
630 1363 662 1428 in
686 1363 816 1429 seminis
840 1365 965 1430 ratione
988 1371 1134 1448 proserta
1157 1369 1240 1441 sunt,
1273 1369 1308 1426 ut
1330 1360 1411 1425 nihil

212 1485 329 1531 novum
353 1472 466 1550 postea
489 1465 671 1550 proferatur
699 1465 732 1530 in
761 1466 899 1547 senibus
934 1465 1019 1548 quod
1051 1487 1115 1531 non
1143 1467 1177 1531 in
1206 1467 1313 1551 pueris
1345 1464 1411 1528 iam

213 1575 287 1633 ante
311 1568 497 1632 latitaverit.
544 1593 556 1631 ι
581 1567 673 1634 Unde
697 1588 759 1632 non
789 1568 920 1634 dubium
943 1576 1002 1650 est,
1033 1569 1116 1636 hanc
1140 1589 1210 1636 esse
1233 1568 1409 1651 legitimam

213 1679 245 1737 et
268 1679 390 1736 rectam
414 1669 606 1755 proficiendi
629 1671 783 1754 regulam,
807 1671 892 1737 hunc
914 1680 1019 1736 ratum
1043 1679 1140 1755 atque
1163 1671 1411 1758 pulcherrimum

212 1773 379 1840 crescendi
411 1773 564 1855 ordinem,
604 1775 631 1839 si
664 1793 719 1839 eas
754 1794 878 1859 semper
909 1776 941 1838 in
975 1775 1200 1858 grandioribus
1232 1781 1340 1860 partes
1373 1794 1412 1839 ac

212 1880 333 1944 formas
368 1896 516 1942 numerus
552 1876 683 1942 detexat
716 1878 842 1960 aetatis,
879 1875 980 1961 quasb
1013 1880 1046 1943 in
1079 1880 1221 1963 parvulis
1256 1879 1409 1944 creatoris

213 1981 374 2066 sapientia
397 1980 694 2064 praeliciaverat⁰².
741 1980 892 2059 eQuodsi
916 1982 1054 2048 humana
1078 1983 1202 2067 species
1222 1985 1254 2048 iu
1271 1983 1412 2064 aliquam

214 2084 367 2168 deinceps
390 2103 452 2147 non
477 2084 526 2147 sui
549 2085 676 2166 generis
700 2092 843 2149 vertatur
876 2085 1031 2170 effigiem,
1065 2094 1121 2151 aut
1154 2093 1240 2151 certe
1273 2084 1412 2151 addatur

215 2186 379 2270 quidpiam
404 2186 613 2250 membrorum
643 2206 773 2251 nurnero
802 2188 852 2253 vel
886 2187 1083 2268 detrahatur,
1117 2210 1249 2256 neeesse
1283 2198 1341 2271 est,
1377 2193 1412 2252 ut

214 2295 314 2353 totum
338 2307 454 2371 corpus
477 2288 528 2352 vel
551 2287 724 2353 intercidat
748 2289 799 2354 vel
823 2289 1043 2374 prodigiosum
1068 2292 1129 2356 fiat
1152 2294 1203 2357 vel
1220 2300 1307 2358 certe
1323 2291 1411 2356 debi-

213 2391 332 2455 litetur.
379 2391 466 2455 elta
490 2389 587 2454 etiam
611 2389 805 2456 christianae
832 2392 996 2475 refigionis
1024 2393 1143 2478 dogma
1170 2403 1322 2479 sequatur
1353 2393 1412 2458 has

214 2493 309 2558 decet
332 2492 533 2577 profectuum
558 2493 657 2574 leges,
681 2503 716 2556 ut
740 2493 832 2558 annis
856 2494 980 2561 seilicet
1004 2496 1230 2581 consolidetur,
1260 2498 1412 2563 dilatetur

215 2603 370 2681 tempore,
408 2595 594 2660 sublimetur
628 2601 746 2675 aetate,
786 2596 1003 2681 incorruptum
1039 2606 1147 2664 tamen
1181 2599 1412 2682 inlibatumqne

215 2704 403 2783 permaneat
438 2705 470 2761 et
504 2698 661 2762 uniuersis
699 2699 838 2781 partIum
873 2718 1000 2764 suarum
1036 2703 1190 2767 mensuris
1225 2706 1412 2786 cunctisque

215 2800 306 2882 quasi
330 2799 479 2864 membris
503 2819 542 2863 ac
566 2799 709 2865 sensibus
733 2801 871 2884 propriIs
887 2799 1036 2885 plenumd
1053 2808 1150 2886 atque
1167 2804 1345 2888 perfectum
1361 2806 1413 2887 sit,

215 2901 301 2986 quod
324 2902 403 2967 nihil
426 2910 595 2987 praeterea
622 2904 866 2985 permutationis
894 2903 1053 2987 admittat,
1088 2906 1174 2971 nulla
1207 2907 1413 2993 proprietatis

215 3004 394 3090 dispendia,
419 3005 538 3070 nullam
562 3004 760 3071 definitionis
783 3008 940 3072 sustineat
964 3009 1164 3074 varietatem.

321 3109 389 3189 (30)
414 3133 440 3173 ιο
463 3107 610 3193 Exempli
635 3109 756 3191 gratia:
781 3109 938 3174 Severunt
962 3113 1098 3176 maiores
1121 3114 1221 3177 nostri
1237 3113 1414 3196 antiquitus

215 3213 247 3275 in
277 3211 338 3277 hac
371 3211 593 3276 ecclesiastica
627 3218 737 3295 segete
772 3213 918 3278 triticeae
973 3214 1054 3279 fidei
1088 3217 1218 3280 semina.
1265 3216 1412 3299 Iniquum

216 3312 311 3378 valde
335 3320 367 3378 et
390 3313 601 3397 incongruum
632 3321 691 3389 est,
727 3321 762 3378 ut
792 3334 849 3379 nos
878 3335 985 3380 eorum
1016 3317 1134 3401 posteri
1168 3338 1226 3402 pro
1261 3338 1415 3403 germana

217 3417 353 3480 veritate
377 3415 529 3480 frumenti
546 3413 759 3480 subditivumf
773 3415 915 3482 zizaniae
932 3417 1098 3500 legamus&
1115 3439 1264 3485 errorem.
1292 3446 1316 3484 ιι
1328 3419 1412 3498 Quin

377 3649 392 3680 ἃ
408 3641 438 3702 -l-
453 3641 554 3693 tamcn
564 3639 592 3692 b.
642 3639 765 3710 bquasa'
783 3638 832 3695 Pl.
887 3649 900 3682 e
910 3643 1178 3712 praeformaverat
1188 3643 1215 3696 b.
1263 3641 1412 3712 dpteuam

377 3724 428 3778 Pl.
483 3721 632 3779 erraticae
650 3723 699 3791 Pl,
718 3723 839 3780 tritecca
858 3723 906 3794 ΡΞ,
924 3725 1060 3782 triticeae
1079 3725 1138 3782 Ρ34
1157 3729 1212 3782 sbi.
1282 3725 1353 3781 fita
1372 3726 1415 3781 Ρ1

379 3809 473 3863 ultera
491 3824 592 3876 manu,
621 3807 664 3862 Ρ2
686 3810 705 3878 f,
732 3807 925 3865 mdeidivum
948 3810 988 3864 P1
1019 3813 1116 3881 prima
1151 3827 1256 3880 manu,
1284 3809 1416 3866 subcidi-

378 3891 475 3948 avum
493 3891 558 3960 ΡΜ,
576 3891 772 3948 subdititiam
790 3895 833 3948 sb.
907 3904 924 3946 s
943 3894 1092 3964 eligamus
1112 3912 1133 3948 s,

325 4062 337 4099 1
364 4064 481 4118 LicIum
509 4065 589 4120 idem
622 4072 666 4120 est
697 4082 734 4119 ac
765 4066 866 4133 filum,
895 4066 999 4134 itaque
1028 4065 1185 4134 praeliciat
1213 4066 1246 4128 is,
1279 4065 1331 4132 qui
1363 4065 1416 4117 fila

218 4150 393 4220 praeuectit.

271 4251 451 4302 Beneuen,
465 4251 633 4306 Florilegium
648 4256 677 4296 V.
1185 4236 1203 4288 4
