3324 4866
722 536 854 591 XXXIII
874 535 951 590 1-6.

641 807 799 872 XXXIII.
850 803 1034 872 Conclusio.

345 949 465 1029 Quibus
490 948 676 1035 apostolicis
712 948 945 1032 catholicisque
980 947 1119 1014 decretis
1156 947 1300 1030 quisquis
1335 945 1438 1010 refra-

238 1060 342 1137 gatur,
377 1054 508 1119 insultet
540 1054 676 1138 primum
711 1053 850 1118 omnium
884 1070 1018 1118 necesse
1053 1055 1101 1116 est
1136 1049 1309 1115 memoriae
1332 1048 1436 1114 saneti

238 1156 422 1238 Caelestini,
447 1156 501 1239 qui
524 1156 647 1238 statuit,
671 1161 706 1219 ut
723 1153 883 1221 desineret
898 1155 1061 1219 incessere
1078 1154 1209 1218 nouitas
1229 1157 1438 1230 oetnstateni,

238 1258 355 1325 deinde
388 1256 529 1322 inrideat
563 1256 701 1321 definita
736 1255 840 1322 saneti
865 1254 975 1340 Xysti,
1012 1255 1065 1337 qui
1102 1253 1236 1336 censuit,
1271 1271 1312 1316 ne
1344 1253 1439 1318 nitra

239 1363 408 1445 quicquam
433 1361 532 1426 liceat
556 1361 708 1443 novitati,
744 1361 824 1444 qnia
860 1359 945 1423 niiil
979 1359 1062 1423 addi
1091 1357 1245 1422 convenit
1268 1356 1455 1436 oetnstati,

239 1462 353 1529 sedet
378 1464 463 1529 beati
490 1462 602 1547 Cyrilli
626 1467 747 1528 statuta
772 1465 955 1527 contemnat
963 1469 987 1543 ²,
1013 1460 1066 1542 qui
1091 1457 1264 1524 venerandi
1289 1455 1439 1541 capreoli

239 1567 341 1632 uelum
365 1587 483 1648 magna
507 1565 748 1650 praedicatione
772 1563 930 1647 laudavit,
966 1562 1051 1646 quod
1087 1564 1227 1646 antiqno
1260 1562 1341 1649 fidei
1363 1561 1439 1645 doq-

238 1677 332 1734 nnata
363 1669 561 1754 confirmari
585 1672 728 1752 cuperet,
763 1667 896 1731 novicia
929 1687 1007 1744 nero
1041 1666 1224 1730 adinventa
1262 1664 1440 1746 damnant,-

239 1797 251 1836 n
286 1770 485 1857 Ephesinam
522 1789 648 1853 quoque
683 1768 850 1855 synodum,
887 1769 921 1834 id
956 1775 1015 1852 est,
1050 1768 1147 1833 totins
1181 1786 1284 1852 paene
1308 1766 1439 1832 orientis

239 1879 419 1941 sanctorum
460 1873 683 1959 episcoporum
719 1870 887 1938 iudicatab
922 1872 1101 1957 proculcet,
1138 1871 1252 1952 quibus
1287 1869 1439 1934 divinitus

240 1977 372 2062 placuit,
408 1976 488 2040 nihil
523 1975 612 2041 aliud
647 1976 784 2060 posteris
820 1973 1014 2040 credendum
1038 1972 1222 2055 decernere,
1258 1972 1318 2037 nisi
1354 1968 1439 2054 quod

240 2085 368 2145 saerata
392 2079 517 2161 sibique
536 2080 569 2143 in
582 2077 711 2144 Christo
728 2079 931 2144 consentiens
947 2082 1128 2143 sanctorum
1142 2081 1267 2159 patrum
1286 2074 1441 2139 tenuisset

241 2181 427 2264 antiquitas,
460 2207 472 2246 s
496 2181 613 2264 quique
638 2181 735 2245 etiam
759 2180 975 2245 vociferantes
998 2185 1030 2244 et
1053 2177 1272 2243 adclamantes
1295 2195 1357 2240 uno
1385 2194 1440 2240 ore

242 2284 408 2350 testificati
432 2290 515 2367 sunt,
540 2283 599 2349 has
622 2303 692 2348 esse
716 2283 855 2348 omnium
880 2301 986 2364 voees,
1010 2280 1072 2346 hoc
1096 2299 1206 2345 onmes
1230 2284 1354 2363 optare,
1378 2277 1440 2344 hoc

241 2407 350 2454 omnes
375 2406 515 2469 censere,
540 2392 584 2469 ut,
609 2387 692 2451 sicut
716 2385 855 2451 universi
878 2384 948 2450 fere
972 2390 1047 2450 ante
1069 2383 1252 2451 Nestorium
1275 2381 1440 2462 haeretici,

244 2496 486 2556 contemnentes
525 2494 718 2554 vetustatem
758 2495 790 2553 et
834 2486 1021 2552 adserentes
1059 2485 1251 2566 novitatem,
1298 2483 1441 2548 damnati

242 2594 359 2676 forent,
384 2595 431 2658 ita
454 2594 524 2678 ipse
549 2612 675 2675 quoque
688 2591 865 2674 Nestorius,
890 2597 1003 2656 auctor
1017 2589 1172 2655 novitatis
1189 2594 1221 2654 et
1237 2587 1442 2672 impugnator

243 2695 425 2778 vetustatis,
451 2694 728 2761 condemnaretur.
786 2720 799 2758 4
823 2693 964 2772 Quorum
988 2697 1214 2758 sacrosanctae
1237 2696 1270 2755 et
1294 2689 1442 2756 caelestis

242 2799 368 2883 gratiae
391 2816 521 2863 munere
545 2797 711 2881 inspirata·
726 2797 894 2863 consensio
919 2796 944 2860 si
970 2796 1020 2861 cui
1049 2793 1210 2879 displicet,
1244 2790 1321 2876 quid
1355 2791 1442 2856 aliud

242 2900 395 2984 sequitur,
420 2900 480 2966 nisi
505 2906 541 2965 ut
564 2899 793 2984 profanitatem
816 2898 960 2966 Nestorii
992 2896 1122 2965 adserat
1153 2916 1216 2961 non
1251 2896 1320 2960 iure
1355 2893 1441 2960 dam·

243 3009 362 3086 natam,
398 3003 439 3069 ad
476 3008 652 3068 extremum
688 3021 814 3085 quoque
848 3002 1029 3068 universam
1054 2999 1172 3066 Christi
1208 2998 1378 3067 ecclesiam
1411 3001 1443 3062 et

241 3106 413 3190 magistros
451 3105 519 3170 eius
559 3105 724 3189 apostolos
763 3110 796 3170 et
835 3103 1020 3189 prophetas,
1059 3103 1296 3187 praecipueque
1334 3107 1442 3166 tamen

244 3211 371 3276 beatum
410 3206 590 3292 apostolum
626 3206 761 3271 Paulum
801 3205 889 3271 velut
927 3203 1086 3289 quaedam
1119 3208 1332 3289 purgamenta
1370 3221 1443 3267 con-

243 3317 374 3392 temnat,
398 3310 497 3392 illam,
522 3308 607 3391 quod
632 3330 652 3374 a
674 3309 829 3392 religione
853 3304 1032 3374 colendae<1
1062 3311 1094 3372 et
1118 3306 1315 3372 excolendae
1346 3305 1443 3371 semel

243 3413 324 3479 sibi⁰
348 3410 487 3477 traditae
510 3409 592 3477 fidei
615 3430 787 3493 numquam
812 3409 990 3490 recesserit,
1015 3435 1027 3475 s
1050 3409 1139 3474 illum
1156 3429 1242 3492 vero,
1268 3408 1321 3490 qui
1346 3406 1444 3492 scrip·

243 3517 340 3583 serit:
360 3517 387 3583 O
410 3515 587 3598 Timotheo,
604 3515 794 3599 depositam
810 3515 950 3596 custodi,
975 3515 1128 3580 devitans
1139 3513 1311 3600 profanas
1326 3531 1444 3576 vocnrn

243 3619 440 3698 novitates¹,
465 3617 611 3682 etitem:
637 3616 677 3682 Si
700 3617 774 3700 qnis
797 3617 889 3682 onon
912 3617 1176 3698 adnuntiaverit,
1202 3619 1445 3700 praeterquam

243 3721 332 3807 qnod
367 3720 553 3805 accepistis,
593 3719 773 3784 anatliema
808 3720 889 3784 sim
945 3745 958 3784 s
994 3716 1114 3797 Quodsi
1138 3737 1242 3800 neque
1265 3716 1444 3802 apostolica

244 3823 382 3889 delinita
417 3840 521 3903 neque
558 3821 779 3886 ecclesiastica
813 3821 946 3888 decreta
985 3820 1170 3887 temeranda
1204 3826 1291 3904 sunt,
1330 3821 1445 3903 quibus

405 4004 421 4036 ὃ
437 3995 619 4049 condemnat
636 3993 686 4048 Pl.
789 3992 954 4049 bindicta
981 3993 1030 4049 P4.
1138 3995 1389 4049 esacrosanctae
1416 3995 1444 4046 b.

394 4076 555 4133 dcolenda
575 4075 663 4132 ΡΗ.
754 4076 840 4133 stibi
860 4076 909 4132 ΡΙ.

353 4201 364 4242 ¹
384 4204 399 4262 l
419 4203 493 4261 Tim.
513 4203 537 4273 6,
557 4203 601 4258 20.
701 4201 797 4262 2(ΞειΙ.
819 4206 844 4277 1,
862 4204 887 4261 9.
