3324 4866
716 567 829 621 XXXII
848 567 927 621 4--t.
1388 566 1423 620 69

221 733 341 817 spicue
364 732 531 796 maiorum
552 731 637 817 fides
660 737 692 795 et
715 731 898 795 credulitas
932 730 1029 794 nulia
1065 732 1160 795 caeni
1188 731 1422 816 permistione

223 837 386 901 turbetur.
439 833 575 900 Omnino
611 833 798 918 apostolice,
834 839 869 898 ut
903 835 1057 898 maiorum
1094 832 1316 899 credulitatem
1351 853 1423 918 per·

223 936 406 1022 spicuitatis
428 937 547 1001 lumine
572 942 709 1017 ornaret,
734 936 878 1002 novicius
902 956 978 1001 vero
1002 937 1216 1021 profanitates
1239 937 1330 1002 caeni
1355 956 1424 1020 per-

224 1039 380 1106 mixtione
404 1038 633 1105 describerem.
686 1064 699 1102 r
723 1038 787 1104 Sed
812 1046 844 1105 et
868 1045 998 1106 sanctus
1023 1060 1108 1125 papa
1132 1039 1330 1106 Caelestinus
1354 1039 1423 1124 pari

222 1141 318 1210 modo
341 1142 518 1227 eademque
534 1143 704 1208 sententia.
752 1143 807 1208 Ait
824 1142 908 1208 enim
925 1143 958 1207 in
976 1143 1124 1227 epistula,
1150 1162 1244 1225 quam
1259 1142 1422 1208 Gallorum

225 1244 448 1312 sacerdotibus
464 1245 571 1310 misit¹
596 1264 734 1329 urguens
755 1265 862 1310 corum
881 1245 1127 1326 conniventiam,
1152 1244 1236 1327 quod
1261 1245 1424 1327 antiquam

223 1346 325 1413 iidem
348 1348 476 1413 silentio
501 1346 714 1412 destituentes
738 1349 907 1434 profanus
937 1347 1101 1412 novitates
1133 1366 1307 1430 exsurgere
1335 1352 1425 1432 pate·

224 1456 347 1516 rentur:
371 1451 505 1534 Merito,
530 1451 643 1533 inquit,
668 1471 772 1516 ceusu
795 1470 855 1515 nos
879 1451 1025 1535 respicit,
1049 1451 1080 1515 si
1094 1450 1227 1515 silentio
1248 1450 1424 1535 foveamus

225 1574 384 1619 errorem.
431 1553 524 1640 Ecqo
549 1554 782 1639 corripiuntur
798 1553 989 1618 huiusmodi
995 1575 1009 1634 ,·
1032 1573 1100 1618 non
1116 1553 1159 1617 sit
1174 1553 1236 1634 itis,
1262 1553 1425 1617 liberum2

224 1657 344 1722 babere
363 1678 430 1742 pro
454 1657 626 1722 voluntate
650 1677 845 1722 sermonem.
901 1680 913 1720 a
949 1655 1011 1720 Hic
1046 1654 1163 1737 aliquis
1196 1654 1334 1720 fortasse
1369 1652 1425 1719 ad·

225 1757 361 1842 dubitet,
385 1760 515 1842 quinam
540 1761 604 1825 sint
626 1760 684 1843 illi,
721 1780 800 1842 quos
836 1761 957 1825 babere
992 1758 1161 1844 prohibeat
1196 1760 1338 1825 liberum
1355 1778 1424 1845 pro

225 1863 396 1928 uoluntate
419 1882 616 1944 sermonem,
650 1861 821 1927 vetustatis
853 1861 1094 1947 praedicatores
1129 1881 1169 1926 an
1194 1861 1347 1927 novitatis
1371 1859 1424 1924 ad·

224 1964 418 2030 inventores.
465 1964 540 2049 Ipse
575 1963 663 2029 dicat
699 1962 755 2028 etb
793 1964 1024 2030 dubitationem
1062 1964 1234 2048 legentium
1267 1965 1337 2049 ipse
1361 1961 1425 2029 dis·

226 2067 339 2132 solvat.
386 2092 398 2132 s
422 2066 575 2150 Sequitur
591 2066 694 2133 enim:
720 2069 876 2150 Desinat,
901 2067 1013 2150 inquit,
1038 2069 1068 2132 si
1090 2069 1140 2133 itu
1163 2088 1218 2132 res
1242 2072 1299 2143 est,
1323 2065 1425 2131 —id

226 2178 290 2236 est:
315 2169 343 2235 si
367 2171 413 2236 ita
438 2177 496 2249 est,
521 2177 556 2236 ut
581 2169 667 2256 apud
691 2190 742 2235 me
766 2169 896 2253 quidam
920 2170 1014 2235 urbes
1039 2175 1071 2234 et
1094 2169 1277 2254 provincias
1301 2175 1426 2235 vestras

227 2271 444 2354 criminantur,
480 2271 566 2354 quod
590 2292 646 2338 eas
679 2270 868 2354 quibusdam
893 2270 1089 2336 novitatibus
1114 2270 1293 2336 consentire
1329 2272 1426 2336 noxia

228 2372 483 2440 dissimulatione
506 2373 637 2440 faciatis
666 2411 703 2420 -
728 2376 860 2440 desinet
884 2374 1004 2457 itaque,
1028 2373 1142 2455 inquit,
1166 2375 1196 2439 si
1219 2375 1269 2438 itu
1292 2395 1346 2438 res
1368 2381 1427 2457 est,

227 2478 389 2542 incessere
413 2478 545 2542 novitus
568 2484 775 2542 vetustatem.
823 2503 834 2542 v
858 2477 945 2560 Ergo
969 2476 1051 2541 haec
1073 2477 1134 2541 tuit
1152 2476 1239 2543 beati
1252 2475 1428 2543 Caelestini

229 2579 326 2644 beata
350 2579 520 2662 sententia,
551 2585 586 2643 ut
609 2586 692 2642 non⁰
716 2583 859 2644 vetustas
895 2585 1036 2644 cessaret
1071 2578 1205 2644 obruere
1240 2579 1426 2662 novitatem,

228 2681 285 2747 sed
308 2681 415 2766 potius
438 2681 566 2746 novitas
590 2679 752 2747 desineret
774 2679 934 2746 incessere
958 2686 1160 2748 vetustatem.

388 2872 597 2931 adiscriberet
614 2872 682 2930 1³³⁴.
792 2875 901 2938 b>b.
974 2886 1065 2931 οποπ
1083 2879 1118 2932 ut
1136 2892 1159 2932 s.

336 3045 347 3083 ¹
366 3048 498 3118 Prosper
518 3052 548 3103 et
566 3047 710 3117 Hilarius,
730 3049 866 3104 homines
888 3065 927 3104 ex
940 3047 1106 3118 Aquitania
1125 3049 1202 3116 laici,
1223 3049 1275 3117 qui
1288 3063 1309 3102 s.
1323 3045 1427 3118 Augu-

228 3131 298 3187 stini
319 3132 356 3186 de
375 3133 477 3202 gratia
496 3137 526 3188 et
545 3133 823 3202 praedestinatione
854 3134 1022 3189 doctrinam
1046 3135 1246 3188 intentissima
1276 3148 1350 3187 cura
1380 3133 1428 3186 de·
1534 3139 1538 3150 ¹

227 3217 403 3284 tendebant,
430 3223 497 3286 post
525 3223 651 3273 mortem
680 3235 703 3274 s.
724 3218 889 3289 Augustini
913 3219 1038 3274 Romam
1067 3220 1195 3289 profecti
1224 3217 1427 3274 Caelestinum

230 3316 340 3371 papam
361 3301 511 3366 adierunt,
540 3308 573 3356 ut
593 3304 753 3372 epistulam
773 3304 813 3358 ad
833 3305 992 3374 episcopos
1011 3301 1129 3358 Galliae
1148 3304 1294 3359 scriberet
1322 3308 1427 3358 contm

230 3386 423 3455 presbyteros
451 3387 677 3456 monachosque
705 3389 852 3457 quosdam
878 3387 1088 3455 Massilienses,
1118 3403 1193 3458 quos
1214 3386 1428 3458 semipelagia-

229 3470 325 3524 nismo
354 3469 478 3524 studere
508 3474 538 3525 et
566 3486 589 3525 s.
608 3469 783 3542 Augustino
811 3473 981 3527 obtrectare
1008 3473 1267 3529 insimulaverant.
1304 3471 1351 3525 Ex
1371 3473 1427 3526 hac

228 3555 366 3624 epistula,
386 3570 467 3624 quae
487 3561 532 3610 est
550 3555 593 3609 21.
614 3557 693 3612 inter
712 3558 857 3628 epistulas
878 3573 898 3612 s.
920 3556 1079 3613 Caelestini
1098 3557 1213 3627 (Migne
1232 3558 1249 3610 l.
1269 3557 1287 3611 l.
1303 3556 1356 3611 528
1371 3556 1427 3627 ss),

229 3639 406 3696 Vincentius
426 3640 567 3696 hocloco
588 3643 739 3711 quaedam
759 3643 859 3698 adfert
878 3644 981 3708 verba,
1011 3643 1123 3712 quibus
1153 3657 1233 3712 papa
1261 3644 1428 3696 insectatur

229 3730 408 3792 novatores3
439 3740 517 3795 quos
547 3731 711 3782 novatores
742 3743 807 3782 esse
839 3726 1113 3797 semipelagianos,
1149 3727 1330 3796 quibuscum
1362 3727 1427 3796 ipse

229 3810 370 3877 iaciebat,
381 3808 559 3865 Vincentius
578 3811 638 3865 alto
659 3813 735 3881 tegit
754 3813 881 3879 silentio,
902 3819 947 3867 ter
967 3814 1070 3865 autem
1089 3811 1256 3881 repetendo
1277 3812 1428 3881 exceptio·

230 3909 299 3948 nem
321 3910 433 3964 papae:
453 3894 481 3951 si
499 3893 544 3950 itu
563 3911 611 3950 res
630 3897 675 3950 est
693 3897 766 3951 satis
784 3896 908 3966 indicat,
927 3896 1128 3950 Massilienses
1148 3896 1307 3965 epistulam
1326 3910 1426 3964 papae

230 3979 384 4048 probasse,
396 3978 656 4035 denuntiationem
666 3997 739 4035 vero
750 3981 891 4051 Prosperi
901 3985 934 4035 ut
944 3981 1050 4035 falsam
1061 3980 1246 4050 repudiasse.
1314 3977 1428 4034 'Inter-

231 4064 429 4134 pungendum
451 4069 497 4120 est
515 4070 586 4119 ante
605 4081 711 4120 vocem
732 4063 870 4131 liberum,
889 4071 923 4120 ut
945 4070 1029 4136 patet
1048 4081 1086 4120 ex
1106 4066 1255 4120 sententia
1275 4066 1429 4138 sequenti:

231 4163 307 4219 qnos
328 4148 436 4202 bebere
455 4148 618 4218 probibeat
638 4149 767 4205 liberata
781 4167 842 4220 pro
861 4152 1014 4208 uoluntate
1033 4166 1209 4209 sermonem.
