3324 4866
717 513 788 569 XVI
806 514 885 569 2-8.
1371 517 1409 571 37

201 672 377 738 memoriae
401 673 530 738 brevius
553 671 758 756 strictiusque
781 680 975 758 repetamus,
1000 692 1062 755 qno
1079 672 1203 740 scilicet
1227 676 1260 736 et
1282 672 1406 738 intelle·

201 780 322 856 gantur
344 776 464 840 iterata
487 775 612 860 plenius
636 782 669 841 et
699 774 824 866 firmius
853 775 1015 840 inculcata
1045 782 1225 839 teneantur.
1283 774 1407 840 rAna-
1458 839 1461 846 ,

204 876 313 942 thema
336 878 436 961 igitur
459 877 597 942 Photino
621 898 685 943 non
708 879 898 963 recipienti⁸
930 875 1162 962 plenitudinem
1195 875 1349 941 trinitatis
1373 885 1405 942 et

201 977 365 1045 Christum
382 978 541 1045 hominem
558 979 778 1045 tantummodo
795 979 973 1046 solitarium
987 978 1198 1064 praedicanti.
1222 978 1405 1044 Anathema

202 1081 383 1166 Apollinari
407 1082 568 1148 adserenti
583 1083 616 1146 in
634 1081 761 1148 Christo
782 1102 955 1148 conversae
973 1080 1152 1147 divinitatis
1169 1081 1404 1165 corruptionem

200 1188 235 1248 et
274 1183 433 1249 auferenti
471 1184 638 1270 perfectae
677 1183 886 1250 humanitatis
925 1185 1162 1270 proprietatem.
1221 1182 1404 1248 Anatbema

199 1285 231 1352 N
235 1287 352 1351 estorio
368 1288 500 1370 neganti
517 1307 557 1352 ex
573 1287 699 1371 virgine
716 1286 810 1352 deum
827 1293 948 1369 natum,
972 1285 1134 1352 adserenti
1151 1284 1231 1350 duos
1247 1283 1402 1368 Christos,

199 1394 235 1453 et
251 1389 384 1474 explosa
399 1389 552 1454 trinitatis
567 1388 636 1454 fide
653 1389 901 1472 quaternitatem
915 1388 1007 1456 nobis
1023 1386 1250 1453 introducenti.
1273 1412 1286 1451 e
1300 1387 1403 1453 Beata

203 1510 278 1555 vere
302 1491 462 1556 catholica
486 1492 633 1562 ecclesia,
658 1511 741 1574 quae
758 1511 855 1557 unum
872 1490 967 1556 deum
982 1491 1016 1555 in
1033 1490 1186 1556 trinitatis
1202 1488 1402 1574 plenitudine

198 1593 333 1658 etitem
358 1593 512 1660 trinitatis
536 1595 763 1676 aequalitatem
792 1595 826 1659 in
855 1613 919 1659 una
947 1593 1117 1658 divinitate
1153 1598 1333 1673 veneratur,
1367 1597 1402 1655 ut

199 1715 304 1777 neque
316 1696 522 1779 singularitas
535 1696 734 1762 substantiae
750 1717 957 1781 personarum
971 1694 1147 1762 confundat
1159 1694 1400 1780 proprietatem,

197 1816 303 1879 neque
317 1800 394 1864 item
404 1799 557 1865 trinitatis
567 1799 732 1865 distinctio
744 1801 900 1865 unitatem
913 1806 1042 1885 separet
1055 1795 1208 1864 deitatisb
1218 1799 1239 1862 ¹.
1263 1797 1400 1877 4Beata,

199 1899 339 1982 inquam,
365 1902 512 1978 ecclesia,
538 1921 620 1984 quae
644 1903 676 1966 in
701 1901 827 1968 Christo
853 1902 933 1968 duas
958 1922 1051 1967 veras
1079 1901 1305 1986 perfectasque
1329 1898 1400 1963 sub·

196 2003 336 2068 stantias
359 2002 417 2070 sed
440 2023 536 2068 unam
554 2003 673 2070 Christi
698 2003 802 2070 credit
825 2024 895 2071 esse
918 2024 1100 2090 personam,
1124 2010 1160 2069 ut
1182 2021 1286 2085 neque
1310 2007 1401 2064 natu·

198 2125 304 2169 rarum
327 2105 493 2171 distinctio
517 2107 673 2171 unitatem
696 2126 852 2191 personae
869 2106 1005 2188 dividat,
1030 2126 1133 2189 neque
1149 2106 1226 2170 item
1244 2122 1399 2187 personae

195 2207 304 2274 unitas
328 2207 544 2274 differentiam
567 2209 745 2275 confundat
768 2210 1029 2275 substantiarum.
1073 2234 1086 2274 s
1111 2209 1223 2289 Beata,
1256 2207 1397 2288 inquam,

195 2309 346 2393 eeclesia,
362 2330 455 2394 qnae,
472 2317 507 2377 ut
522 2331 619 2376 unum
635 2331 761 2397 semper
774 2310 935 2378 Christum
952 2319 984 2377 et
1001 2331 1071 2376 esse
1087 2318 1120 2376 et
1132 2310 1232 2376 fuisse
1244 2313 1397 2389 fateatur,

197 2413 320 2477 unitum
344 2413 504 2478 bominem
529 2413 590 2479 deo
613 2434 676 2478 non
700 2420 774 2493 post
796 2420 924 2498 partum
947 2412 1004 2478 sed
1028 2414 1092 2477 iam
1125 2413 1157 2477 in
1187 2413 1258 2496 ipso
1286 2409 1398 2474 matris

194 2520 286 2580 utero
311 2514 495 2581 confitetur.
541 2541 554 2580 s
577 2517 690 2599 Beata,
714 2517 854 2599 inquam,
879 2517 1028 2596 ecclesia,
1053 2534 1136 2599 quae
1160 2514 1254 2580 deum
1274 2512 1396 2577 factum

195 2615 356 2682 bominem
380 2637 443 2682 non
460 2619 668 2684 conversione
684 2625 819 2684 naturae
835 2617 893 2684 scd
910 2638 1066 2704 personae
1082 2618 1206 2682 ratione
1225 2613 1396 2698 intellegit,

194 2739 351 2805 personae
375 2727 483 2785 autem
505 2739 569 2784 non
593 2718 811 2786 simulatoriae
828 2727 861 2786 et
876 2720 1070 2786 transeuntis
1094 2719 1151 2785 sed
1175 2717 1396 2784 substantivae

191 2841 234 2888 ac
258 2823 485 2906 permanentis.
532 2822 672 2905 rBeata,
696 2823 838 2906 inquam,
862 2822 1010 2906 ecclesia,
1035 2842 1117 2906 quae
1134 2821 1218 2886 hanc
1239 2837 1395 2906 personae

194 2927 350 2990 unitatem
375 2931 498 2990 tantam
530 2925 597 2990 vim
628 2925 748 2991 habere
775 2926 954 3011 praedicat,
988 2933 1023 2990 ut
1055 2932 1185 3011 propter
1215 2944 1286 2989 eam
1314 2923 1394 2987 miro

193 3025 419 3109 ineffabilique
443 3027 596 3111 mysterio
613 3032 645 3091 et
662 3026 772 3092 divina
788 3027 908 3092 homini
925 3034 957 3092 et
974 3026 1035 3092 deo
1052 3025 1217 3093 adscribat
1237 3024 1392 3104 humana,

193 3147 267 3193 nam
290 3135 420 3214 propter
444 3149 516 3194 eam
540 3138 572 3193 et
595 3128 755 3194 hominem
779 3128 821 3194 de
845 3129 935 3195 caelo
959 3129 1133 3194 seeundum
1150 3127 1245 3192 deum
1262 3126 1394 3192 deseen-

190 3227 280 3296 disse
302 3251 366 3296 non
389 3232 531 3314 abnegat
563 3239 596 3295 et
618 3230 713 3296 deum
743 3231 919 3297 secundum
943 3230 1102 3296 hominem
1127 3228 1230 3295 credit
1251 3229 1284 3292 in
1307 3234 1394 3293 terra

190 3331 313 3398 factum
337 3353 467 3417 passum
491 3340 523 3398 et
547 3332 754 3415 crucifixum3
779 3341 911 3418 propter
934 3353 1005 3398 earn
1030 3333 1169 3416 denique
1185 3338 1217 3396 et
1233 3330 1393 3395 bominem

189 3433 245 3500 dei
269 3434 373 3500 filium
397 3442 430 3500 et
453 3434 549 3500 deum
572 3433 676 3499 filiurn
699 3435 833 3518 virginis
850 3436 1032 3502 confitetur.
1079 3436 1211 3501 sBeata
1232 3434 1331 3517 igitur
1352 3453 1392 3497 ac

353 3601 368 3632 θ
381 3589 557 3660 recipiendo
576 3588 665 3645 ΡΗ.
766 3591 782 3634 b
801 3598 837 3655 >
855 3589 904 3647 P4.

297 3746 309 3782 ¹
327 3747 429 3815 Multa,
449 3763 530 3817 quae
549 3764 617 3803 curn
636 3749 668 3802 in
688 3749 839 3818 capitibus
858 3749 1113 3804 antecedentibus
1132 3755 1196 3803 tum
1215 3750 1247 3802 in
1266 3748 1323 3803 boc
1343 3764 1391 3802 ca·

189 3832 253 3902 pite
280 3831 434 3901 leguntur,
464 3833 573 3887 mirum
603 3837 751 3902 quantum
781 3834 918 3888 redolent
945 3834 1115 3903 symbolum
1140 3834 1389 3888 Athanasianum.

190 3916 278 3972 Unde
306 3917 499 3973 vincentium
530 3925 667 3972 nostrum
702 3919 768 3973 eius
793 3920 935 3990 symboli,
964 3919 1045 3989 quod
1074 3919 1195 3974 saeculo
1223 3919 1329 3989 quinto
1358 3920 1391 3973 in

190 4001 356 4071 Aquitania
375 4007 474 4057 ortum
494 4018 559 4058 esse
578 4018 681 4058 omnes
704 4005 769 4058 fere
798 4005 999 4073 consentiunt,
1027 4010 1182 4059 auctorem
1212 4019 1278 4059 esse
1307 4004 1390 4059 haud

186 4087 326 4141 inmerito
346 4085 513 4156 Ommaney
542 4088 672 4142 coniecit
691 4086 729 4155 (A
753 4087 868 4142 critical
896 4087 1090 4144 dissertation
1118 4104 1159 4143 on
1186 4086 1392 4143 the'Athana·

185 4172 255 4226 sian
276 4171 376 4240 creed,
395 4170 532 4227 Oxoniae
552 4171 641 4240 1897).
