3324 4866
696 563 794 619 XXVI
813 564 892 620 2-8.
1361 568 1396 623 57

194 721 310 800 torem)
335 727 366 785 et
389 721 509 786 statuit
533 720 630 785 illum
652 728 785 806 supra*
804 722 949 806 pianum
972 721 1090 808 templ-i
1118 727 1150 787 et
1172 723 1263 788 dicit
1287 724 1332 789 ei:
1367 724 1398 788 si

192 823 286 908 filius
321 823 375 888 dci
408 844 452 904 cs,
486 825 633 889 mittete
666 823 832 889 deorsam.
881 823 1054 909 Scriptum
1090 833 1139 890 est
1174 826 1273 908 cuim,
1308 827 1397 911 quod

195 925 325 1010 capelia
348 925 419 988 saia
442 921 642 990 maacavttb
668 925 709 989 de
733 933 774 1006 te,
798 932 836 990 ut
852 926 1043 990 custodiant
1066 932 1097 991 te
1112 927 1149 991 in
1165 927 1318 993 omaibm
1333 928 1398 992 viic

195 1029 282 1108 teia·
317 1028 353 1092 ie
381 1028 537 1092 manibus
568 1028 703 1092 tollantc
731 1034 772 1106 tc,
807 1048 848 1092 ac
874 1029 965 1112 forte
994 1027 1147 1113 offendas
1175 1030 1221 1094 cd
1248 1030 1398 1114 lapidem

191 1130 313 1214 pedem
337 1136 432 1194 tuum
444 1131 465 1192 ¹.
512 1153 524 1192 a
542 1126 626 1205 Quid
643 1127 696 1193 hic
712 1124 835 1194 inciet‘1
859 1128 991 1194 misellis
1006 1129 1198 1213 hominibus,
1222 1131 1276 1213 qni
1292 1132 1398 1214 ipsum

196 1233 370 1298 dominam
393 1232 601 1296 maiestatis*
633 1231 861 1314 seripturarum
895 1231 1087 1297 testimoniis
1119 1231 1301 1317 adpetivit?
1348 1233 1397 1314 st,

194 1334 569 1420 inquit,filiusdeies,
593 1335 741 1399 mittete
765 1335 932 1399 deorsum.
979 1333 1107 1411 Quare?
1154 1335 1327 1421 Scriptum
1351 1342 1399 1401 est

196 1439 295 1516 euim,
318 1436 432 1518 inquit.
479 1436 704 1522 aMugnopere
724 1437 817 1501 nobis
840 1435 989 1502 doctrina
1005 1435 1068 1502 loci
1083 1438 1176 1503 istius
1191 1436 1399 1504 adtendendo

196 1546 293 1622 atque
317 1537 486 1603 retinenda
510 1545 568 1619 est,
603 1545 637 1603 ut
665 1539 990 1622 tanto-evangelicae
1013 1541 1216 1606 auctoritatis
1240 1540 1398 1625 exemplo,

196 1640 324 1726 quando
349 1641 472 1723 aliquos
497 1641 676 1726 apostolica
699 1660 755 1706 seu
780 1640 971 1726 prophetica
995 1642 1094 1706 verba
1117 1642 1262 1726 proferre
1286 1649 1399 1707 contre

197 1745 389 1810 catholicam
422 1745 524 1810 fidem
556 1743 740 1826 viderimus,
775 1743 939 1809 diabolum
972 1764 1030 1829 per
1063 1764 1118 1811 eos
1150 1745 1237 1828 loqui
1271 1745 1400 1810 minime

196 1847 389 1913 dubitemus.
436 1849 554 1915 rNam
578 1847 661 1914 sieut
694 1853 770 1912 tunc
803 1853 901 1931 ceput
932 1848 1041 1932 capiti,
1078 1849 1124 1914 ita
1155 1867 1241 1913 nune
1273 1867 1400 1931 quoque

195 1952 341 2016 membra
377 1951 527 2015 membris
559 1950 715 2032 locuntur,
761 1951 904 2016 membra
936 1951 1061 2016 scilicet
1094 1951 1215 2017 diaboli
1249 1951 1401 2016 membris

196 2053 327 2136 Christi,
352 2054 471 2136 perfidi
495 2053 658 2134 fidelibus,
682 2053 833 2137 sacrilegi
857 2053 1027 2138 religiosis,
1059 2054 1212 2120 haeretici
1237 2062 1399 2140 postremo

197 2156 375 2222 catholicis.
417 2182 429 2222 s
446 2156 511 2222 Sed
529 2156 605 2238 quid
622 2156 753 2221 tandem
766 2156 922 2222 dicuntl⁰
957 2157 1006 2239 Si,
1026 2157 1138 2240 inquit,
1154 2158 1247 2243 filius
1270 2158 1324 2222 dci
1340 2153 1399 2238 esf,

196 2260 289 2324 mitte
309 2268 340 2325 te
353 2262 519 2326 deorsum.
557 2261 626 2325 Hoc
642 2266 705 2326 est:
731 2259 789 2325 Sis
801 2259 889 2325 filius
909 2279 980 2326 esse
993 2261 1042 2326 vis
1055 2260 1107 2326 dei
1120 2267 1153 2325 et
1167 2257 1401 2325 haereditatem

197 2364 287 2445 regni
312 2363 461 2430 caelestis
485 2364 643 2447 accipere,
668 2363 816 2427 mittete
840 2361 999 2443 deorsum,
1032 2360 1065 2426 id
1091 2368 1154 2430 est:
1189 2381 1229 2426 es
1252 2361 1345 2427 istius
1369 2367 1401 2425 te

198 2466 341 2532 sublimis
365 2467 532 2550 ecclesiae,
558 2485 640 2548 quae
664 2465 761 2530 etiam
785 2464 937 2548 templum
964 2464 1016 2530 dei
1038 2472 1179 2548 putatur,
1203 2463 1352 2529 doctrina
1369 2469 1402 2527 et

198 2569 372 2634 traditione
397 2565 562 2634 demitteh.
609 2594 621 2632 c
646 2569 693 2632 Ac
717 2569 743 2632 si
767 2566 839 2651 quis
860 2566 1038 2651 interroget
1061 2569 1244 2652 quempiam
1265 2566 1401 2632 haereti-

198 2690 307 2736 eorum
331 2671 391 2737 sibi
413 2666 506 2735 taliai
523 2670 783 2755 persuadentem:
817 2669 912 2736 Unde
929 2670 1056 2753 probes,
1081 2669 1165 2735 unde
1182 2670 1289 2752 doces,
1315 2667 1402 2752 quod

199 2774 356 2839 ecclesiae
389 2773 568 2838 catholicae
601 2773 814 2838 universalem
839 2778 872 2837 et
905 2773 1070 2854 antiquam
1104 2772 1203 2837 iidem
1237 2771 1402 2837 dimittere

200 2877 350 2958 debeam3
375 2878 483 2942 statim
508 2877 578 2942 ille:
623 2877 796 2961 Scriptum
819 2884 868 2942 est
892 2877 991 2946 caim.
1037 2877 1115 2944 ant
1139 2877 1292 2944 continno
1316 2875 1402 2940 mille

199 2979 391 3060 testimonia,
415 2979 502 3044 mille
525 2979 681 3063 exempla,
706 2979 794 3044 mille
818 2978 1029 3045 auctoritates
1052 2985 1157 3064 purat,
1182 2979 1223 3044 de
1247 2979 1331 3062 lege,
1361 2977 1403 3042 de

199 3081 340 3166 psalmis,
365 3080 406 3146 de
430 3081 594 3167 apostolis,
628 3078 668 3145 de
693 3080 868 3165 prophetis,
903 3080 1018 3164 quibus
1041 3103 1125 3147 novo
1151 3089 1183 3147 et
1206 3081 1291 3146 malo
1315 3099 1403 3145 more

198 3185 417 3268 interpretatis
450 3203 588 3249 exerce
613 3183 773 3249 catholica
796 3185 828 3248 in
853 3182 1049 3250 haereseos*
1078 3184 1264 3251 barathrum
1288 3181 1403 3248 infelix

199 3287 308 3351 anima
331 3287 571 3372 praecipitetur.
630 3287 740 3353 elam
764 3306 839 3352 vero
864 3286 939 3369 illis,
975 3307 1058 3371 quae
1081 3297 1242 3365 secuntur,
1272 3284 1402 3373 promis-

200 3388 341 3454 sionibus
368 3389 449 3453 miro
477 3388 572 3454 modo
600 3389 747 3454 incautos
779 3389 924 3455 homines
957 3389 1112 3457 haeretiei
1145 3391 1297 3475 decipere
1330 3409 1403 3453 con-

200 3488 353 3558 sueruntl.
402 3491 548 3556 Audent³
573 3492 690 3557 etenim
712 3493 858 3578 polliceri
875 3499 907 3558 et
924 3492 1051 3576 docere,
1076 3492 1164 3576 quod
1179 3495 1243 3558 inm
1265 3492 1403 3557 ecclesia

363 3706 486 3765 areceptor
505 3697 532 3750 b.
633 3695 830 3752 hmancaott
848 3694 898 3752 P2.
996 3693 1404 3764 stollactP1²,porcaoant

362 3776 409 3835 Pl.
483 3777 617 3849 <lfactat
636 3777 721 3835 P1⁸⁴.
803 3778 908 3835 euicit
927 3795 949 3835 s.
1052 3781 1062 3820 f
1078 3781 1122 3834 ite
1141 3777 1182 3833 P²
1202 3779 1256 3847 sbi,
1275 3777 1303 3834 εἰ
1319 3776 1404 3849 filius

362 3862 465 3935 inquit
489 3862 539 3919 dei
564 3880 595 3919 es
622 3862 672 3932 1³²,
690 3863 718 3919 si
742 3862 827 3934 filius
853 3862 903 3919 dei
931 3879 963 3919 es
989 3862 1092 3934 inquit
1110 3861 1162 3930 1³³,
1190 3862 1218 3918 sc'
1243 3861 1328 3934 filius
1355 3861 1405 3918 dci

363 3947 517 4019 inquitas
536 3946 586 4003 Pl.
695 3953 786 4010 a>
807 3963 829 4002 s.
938 3944 1095 4001 hdimitte
1113 3944 1181 4001 ΡΜ.
1281 3944 1404 4002 italia

361 4030 493 4088 sicima
567 4030 766 4086 themseca
786 4027 836 4084 Ρ3.
917 4029 1167 4086 lconeucvcmmt
1185 4031 1214 4084 b.
1284 4039 1310 4070 ¹¹1
1328 4035 1364 4092 >
1382 4045 1404 4082 s.

310 4219 321 4256 ¹
340 4220 443 4275 Matth.
463 4221 489 4288 4,
508 4221 525 4274 5
544 4237 565 4274 s.
674 4217 720 4272 21
739 4216 807 4273 Cor.
826 4218 852 4284 2,
865 4219 890 4273 8.
999 4215 1012 4253 ³
1035 4217 1121 4282 Quae
1140 4221 1293 4284 secuntur,
1314 4214 1407 4271 Semi·
