3324 4866
255 503 292 556 38
685 501 755 556 XVI
774 500 946 556 9-XV114
965 501 1030 566 (23).

256 660 450 741 veneranda,
484 659 656 727 benedicta
689 667 722 726 et
757 667 964 727 sacrosancta
997 665 1029 726 et
1061 660 1189 726 omnino
1221 679 1377 746 supernae
1410 660 1460 725 illi

258 762 444 848 angelorum
461 763 640 829 laudationi
653 763 870 849 comparanda
887 763 1056 846 confessio,
1082 782 1165 845 quae
1180 783 1277 828 unum
1293 763 1458 829 dominum

257 864 351 929 deum
376 867 458 930 trina
474 865 733 931 sanctificatione
756 865 936 948 glorificat,
961 864 1083 930 idcirco
1108 864 1224 930 etenim
1250 865 1302 930 vel
1317 865 1462 931 maxime

256 968 410 1034 unitatem
436 969 555 1035 Christi
590 968 769 1054 praedicat,
802 989 843 1034 ne
878 969 1064 1054 mysterium
1099 969 1275 1034 trinitatis⁸
1308 969 1457 1035 excedat.

256 1072 382 1137 oHaec
406 1071 439 1136 in
463 1091 598 1138 excursu
622 1071 710 1137 dicta
738 1073 811 1147 sint,
847 1073 938 1148 alias,
974 1074 999 1138 si
1030 1071 1091 1138 deo
1124 1072 1292 1157 placuerit,
1327 1072 1461 1137 uberius

256 1174 426 1240 tractanda
450 1174 505 1240 etb
530 1174 734 1260 explicanda.
781 1174 874 1242 Nunc
897 1174 940 1240 ad
964 1175 1162 1260 propositum
1185 1173 1366 1240 redeamus.

256 1376 363 1440 XVll.
410 1376 482 1453 Quo
512 1379 642 1442 doctior
669 1384 700 1442 ct
722 1378 834 1442 maior
863 1376 933 1461 fait
956 1377 1127 1462 Oripeoea,
1162 1397 1197 1442 co
1216 1377 1464 1462 periculosiori

317 1481 530 1564 temptationi
552 1482 624 1565 ipae
648 1484 679 1544 et
701 1480 841 1565 scripto,
865 1500 950 1563 quac
974 1483 1046 1544 eiua
1069 1480 1202 1543 nominc
1223 1480 1396 1565 ferantur,

653 1583 847 1648 christiania
871 1588 1058 1648 evocarunt.

364 1719 433 1798 (23)
462 1718 654 1784 Dicchamus
682 1737 758 1801 ergo
787 1718 820 1782 in
850 1717 1066 1801 superioribus
1075 1719 1096 1798 ¹,
1133 1715 1218 1799 quod
1251 1718 1284 1781 in
1318 1717 1462 1800 ecclesia

257 1820 308 1886 dei
323 1821 491 1906 temptatio
504 1828 588 1888 esset
601 1820 711 1907 populi
723 1840 812 1887 error
824 1822 980 1905 magistri,
1004 1827 1037 1886 et
1050 1827 1140 1886 tanto
1160 1820 1261 1887 maior
1276 1822 1461 1906 temptatio,

257 1930 377 2005 quanto
401 1923 471 2008 ipse
495 1931 580 1990 esset
604 1923 739 2006 doctior,
763 1923 817 2006 qui
839 1930 970 1989 emanet.
1017 1923 1110 2002 Quod
1127 1924 1263 2008 primum
1279 1923 1461 2009 scripturae

258 2027 461 2109 auctoritate,
498 2025 616 2091 deinde
651 2027 881 2093 ecelesiasticis
916 2025 1112 2092 docebamus
1146 2027 1312 2112 exemplis,
1348 2046 1458 2092 eorum

256 2129 381 2195 scilicet
404 2130 713 2212 commemoratione,
738 2129 802 2211 qui,
827 2148 898 2193 cum
923 2128 1119 2212 aliquamdiu
1135 2148 1233 2194 sanac
1255 2128 1336 2194 fidei
1352 2129 1461 2195 forent

257 2232 370 2313 habiti,
395 2231 436 2296 ad
454 2237 631 2296 extremum
648 2237 755 2296 tamen
779 2236 835 2294 aut
857 2230 890 2294 in
914 2230 1051 2295 alienam
1075 2229 1248 2295 decidisset
1264 2236 1385 2297 sectam
1402 2237 1461 2295 aut

256 2337 317 2422 ipsi
342 2355 431 2401 suam
465 2333 623 2400 haeresim
657 2332 886 2400 condidissent.
932 2334 1088 2417 aMagna
1114 2332 1261 2418 profecto
1284 2353 1336 2399 res
1359 2332 1458 2399 etad

258 2437 445 2504 discendum
461 2436 548 2502 utilis
565 2443 596 2501 et
613 2435 654 2501 ad
671 2435 877 2502 recolendum
893 2435 1085 2514 necessaria,
1110 2457 1206 2519 quarn
1222 2437 1319 2501 etiam
1340 2443 1462 2520 atque⁰

257 2541 355 2606 ctiam
379 2539 594 2625 exemplorum
619 2538 754 2605 molibus
778 2538 950 2604 inlustrare
980 2546 1077 2621 atquc
1104 2538 1268 2604 inculcare
1293 2537 1460 2620 debemus,

257 2652 292 2709 ut
315 2664 424 2710 omnes
457 2639 557 2710 vere‘l
587 2641 739 2707 catholici
770 2644 925 2719 noverint,
962 2663 996 2708 se
1030 2661 1101 2707 cum
1137 2641 1276 2707 ecclesia
1309 2641 1462 2708 doctores

257 2746 411 2832 recipcre,
446 2766 509 2811 non
540 2766 610 2812 cum
640 2745 826 2811 doctoribus
849 2744 1008 2812 ccclesiae
1031 2745 1132 2812 fidem
1156 2744 1304 2810 deserere
1328 2743 1460 2810 debere.

363 2874 376 2914 a
399 2847 464 2914 Sed
482 2868 542 2932 ego
559 2849 606 2914 ita
622 2848 768 2930 arbitror,
792 2847 888 2931 quod,
913 2869 984 2914 curn
1000 2849 1117 2915 multos
1140 2849 1173 2912 in
1198 2848 1259 2914 hoc
1277 2847 1460 2933 temptandi

256 2971 375 3034 genere
392 2950 534 3036 proferre
551 2951 725 3025 valeamus,
750 2970 842 3015 ncmo
866 2970 970 3035 paene
994 2950 1046 3028 sit,
1071 2950 1125 3033 qui
1149 2948 1299 3033 Origenis
1322 2956 1459 3035 tempta-

257 3055 335 3119 tioni
360 3055 468 3120 valcat
491 3052 682 3139 comparari,
711 3054 745 3118 in
769 3072 831 3136 quo
855 3053 948 3138 plura
971 3052 1054 3117 adeo
1078 3051 1257 3138 praeclara,
1290 3051 1372 3118 adeo
1396 3053 1461 3118 sin·

257 3158 392 3241 gularia,
417 3155 499 3221 adeo
523 3156 604 3220 mira
628 3156 829 3238 exstiterunt,
854 3162 889 3219 ut
912 3154 997 3220 intcr
1019 3155 1113 3220 initia
1136 3153 1317 3221 habendam
1334 3156 1462 3220 cunctis

256 3258 492 3326 adsertionibus
525 3259 593 3324 cius
616 3257 717 3323 iidem
742 3258 846 3340 quivis
872 3258 925 3323 ille
948 3257 1046 3323 facile
1071 3257 1239 3324 iudicaret.
1285 3259 1405 3324 rNam
1429 3259 1458 3323 si

257 3363 324 3428 vita
347 3361 426 3427 facit
455 3361 689 3442 auctoritatem,
725 3381 844 3444 magna
869 3360 918 3424 illi
950 3358 1118 3443 industria,
1151 3381 1268 3444 magna
1300 3360 1462 3445 pudicitia

257 3464 413 3549 patientia
437 3463 618 3528 tolerantia.
665 3461 701 3527 Si
718 3483 819 3546 genus
836 3461 888 3528 vel
905 3462 1053 3545 eruditio,
1078 3462 1155 3545 quid
1172 3483 1210 3529 eo
1229 3463 1378 3542 nobilius,
1403 3465 1460 3545 qui

257 3567 392 3653 primum
416 3566 448 3631 in
478 3586 518 3632 ea
542 3566 635 3632 domo
658 3573 753 3633 natus
777 3571 836 3648 est,
872 3586 955 3649 quae
984 3573 1033 3633 cst
1067 3567 1236 3633 inlustrata
1270 3567 1459 3652 martyriol,

256 3668 374 3735 deinde
399 3691 456 3756 pro
480 3669 608 3735 Christo
632 3690 695 3734 non
719 3668 820 3736 solum
845 3676 937 3753 patre
954 3668 1012 3735 sed
1028 3668 1113 3734 omni
1131 3677 1278 3752 quoquc⁰
1299 3669 1461 3735 facultate

255 3773 412 3860 privatus,
436 3779 559 3837 tanturn
583 3773 667 3837 inter
690 3779 823 3838 sanctae
847 3771 1049 3857 paupertatis
1064 3771 1204 3857 profecit
1220 3772 1397 3856 angustias,
1422 3778 1460 3836 ut

418 3940 615 3996 atrinitatem
635 3957 657 3996 s.
730 3941 800 4003 b>
821 3957 844 3996 s.
935 3946 998 4003 0>
1017 3938 1066 3993 ΡΙ.
1176 3939 1254 3995 dita
1272 3940 1316 3994 Pl
1333 3943 1372 4009 bi,
1391 3942 1462 4011 fere

417 4022 499 4078 ΡῙ-3
517 4042 546 4094 s;
565 4027 617 4080 cfr.
639 4043 664 4080 c.
683 4027 727 4092 20,
748 4028 779 4080 1:
797 4041 964 4092 parmarias
984 4024 1157 4080 catholicas.
1258 4032 1321 4088 ο>
1340 4024 1390 4082 Pl.

366 4178 377 4216 ¹
396 4179 468 4252 Cap.
487 4180 515 4235 X
535 4181 558 4234 1.
659 4178 843 4235 ²Leonidas
864 4181 1043 4249 martyrium
1062 4180 1155 4235 subilt
1174 4195 1255 4235 anno
1275 4180 1337 4234 202.
