3324 4866
722 479 920 550 xxxta-e.
1385 493 1426 548 er·

219 660 305 724 lecta
328 667 376 725 eet
399 661 543 745 epistula
568 659 753 724 uenerandi
776 666 807 724 et
823 659 966 722 maltam
982 657 1152 742 rcllpiosi²
1175 657 1322 743 episcopi
1339 654 1419 723 Oar—
1452 677 1454 681 ’

220 763 438 848 tlapiaieasts
464 760 631 847 Capreolc',
654 761 735 847 fidei
757 767 927 847 poetaram
949 757 1149 841 laseretarb,
1181 760 1276 824 caiae
1300 764 1421 843 aperta

218 865 384 930 scatentia
408 871 475 944 est,·
510 864 580 929 calt
610 864 751 928 eteaim⁰
784 857 966 947 anttqaaed
996 863 1078 948 fidei
1112 863 1270 948 dopmota
1303 861 1420 947 coufir-

218 969 318 1050 mari,
342 969 474 1032 acoleia
497 988 574 1032 cero
591 974 622 1032 ct
638 967 807 1052 superflue
825 967 1008 1030 adiaoeata
1025 973 1055 1030 et
1071 966 1173 1050 imple
1191 964 1421 1050 praoalpata⁰

218 1070 397 1154 reprobari
420 1077 518 1155 atque
542 1071 715 1134 damnari.
772 1093 784 1132 a
809 1069 930 1134 Omnes
954 1069 1101 1152 episcopi
1124 1067 1420 1132 adclamaverunt:

220 1174 294 1237 Hae
328 1172 476 1236 amatam
510 1193 605 1237 uoces
639 1179 727 1254 suat,
763 1172 844 1236 haec
868 1191 981 1234 amaea
1004 1170 1157 1252 dicimus,
1186 1171 1247 1234 lucc
1271 1169 1421 1234 ornatam

219 1281 331 1338 uotam
355 1277 433 1340 est1.
480 1272 570 1351 Quae
595 1272 725 1338 tandem
748 1271 889 1337 onmium
913 1291 1010 1337 voces
1033 1277 1130 1354 atque
1161 1270 1300 1336 omnium
1334 1276 1419 1351 vota,

219 1376 279 1440 nisi
293 1380 336 1457 ut,
356 1375 522 1458 quoderat
535 1375 712 1456 antiquitus
725 1373 888 1456 traditum,
913 1379 1088 1451 teneretur,
1113 1372 1199 1456 quod
1212 1371 1420 1438 adinventum

219 1497 331 1562 nuper,
356 1475 607 1562 exploderetur?

325 1606 338 1643 ι
361 1580 439 1645 Post
463 1598 544 1662 quae
568 1578 718 1645 admirati
742 1598 850 1646 sumus
867 1585 899 1644 et
914 1577 1183 1663 praedicavimus,
1208 1584 1330 1660 quanta
1347 1597 1420 1643 con-

219 1681 285 1747 cilii
311 1682 395 1747 illius
418 1681 516 1746 fuerit
540 1680 703 1746 humilitas
727 1688 759 1746 et
783 1681 950 1764 sanctitas
985 1677 1040 1745 utf
1071 1687 1119 1746 tot
1154 1700 1284 1745 numero
1317 1700 1420 1746 sacer-

219 1781 321 1864 dotes,
347 1802 450 1867 paene
475 1802 516 1846 ex
540 1782 660 1847 maiore
684 1788 776 1866 perte
800 1782 1037 1866 metropolitani
1046 1783 1069 1863 ²,
1099 1788 1209 1846 tantae
1233 1781 1421 1848 eruditionis

220 1891 395 1968 tantaeque
419 1885 597 1967 doctrinae,
626 1890 660 1949 ut
683 1905 784 1970 prope
808 1903 917 1950 omnes
950 1891 1104 1970 possentg
1140 1883 1180 1948 de
1213 1884 1419 1967 dogmatibus

219 1986 395 2072 disputare,
421 1988 536 2071 quibus
560 1993 731 2072 propterca
754 1987 826 2072 ipsa
849 1985 882 2050 in
906 2006 1003 2051 uuum
1027 1987 1235 2070 congregatio
1252 1981 1420 2051 audendih

219 2087 275 2155 abi
310 2110 345 2156 sc
389 2089 512 2174 aliquid
547 2097 580 2156 et
612 2090 775 2157 statuendi
809 2088 930 2155 addere
953 2088 1118 2154 videretur
1141 2087 1306 2171 fiduciam,
1339 2087 1420 2152 nihii

222 2200 329 2258 tamen
352 2199 518 2276 novarent,
543 2191 623 2258 nihil
647 2200 897 2277 praesumerent,
932 2191 1011 2256 nihil
1046 2192 1106 2256 sibi
1132 2191 1260 2277 penitus
1283 2190 1420 2274 adroga-

219 2303 300 2378 rent,
335 2321 348 2361 s
372 2295 430 2361 sed
455 2296 647 2363 omnimodis
669 2303 910 2383 praecaverent,
946 2317 986 2362 nc
1010 2296 1132 2380 aliquid
1155 2296 1293 2381 posten‘s
1317 2294 1420 2360 trade·

219 2404 301 2481 rent,
338 2397 424 2480 quod
460 2400 521 2484 ipsi
557 2420 577 2463 a
611 2399 756 2484 patribus
779 2419 842 2464 non
867 2401 1078 2484 accepissent,
1114 2405 1147 2464 et
1174 2420 1238 2465 non
1261 2399 1362 2464 solum
1386 2397 1419 2463 in

219 2501 386 2587 praesenti
424 2521 491 2566 rem
531 2502 612 2566 bene
651 2501 868 2586 disponerent,
908 2522 1017 2568 verum
1058 2503 1154 2568 etiam
1194 2507 1267 2587 post
1305 2500 1421 2567 futuris

219 2604 371 2688 exempla
409 2604 616 2689 praeberent,
656 2611 691 2669 nt
732 2611 765 2671 et
804 2606 865 2690 ipsi
901 2605 1026 2671 scilicet
1065 2612 1212 2671 sacratae
1251 2604 1420 2670 uetustatis

218 2705 374 2789 dogmata
392 2707 543 2783 calerent,
568 2706 725 2791 profanae
750 2727 825 2772 vero
849 2708 1004 2775 novitatis
1027 2707 1202 2775 adinventa
1218 2707 1418 2772 damnarent.

326 2835 338 2874 e
364 2809 489 2874 Invecti
504 2829 612 2875 sumus
629 2807 752 2875 ctiamk
775 2809 809 2873 in
825 2810 965 2877 Nestorii
982 2810 1172 2876 sceleratam
1189 2810 1419 2896 praesumptio-

218 2932 300 2997 nem,
337 2912 422 2996 quad
457 2932 582 2978 sacram
618 2914 808 2999 scripturam
833 2933 868 2980 se
891 2913 1027 2999 primum
1052 2920 1084 2979 et
1107 2915 1208 2980 solum
1232 2913 1419 2996 intellegere

219 3021 251 3079 et
274 3034 384 3081 ornnes
407 3035 463 3081 eos
486 3016 652 3099 ignorasse
676 3015 824 3100 iactaret,
861 3018 1051 3099 quicumque
1085 3022 1161 3082 ante
1184 3036 1219 3082 se
1241 3014 1419 3099 magisterii

218 3136 348 3182 munere
372 3117 510 3202 praediti
526 3117 645 3184 'divina
669 3117 797 3202 eloquia
827 3119 1065 3202 tractavissent,
1098 3120 1263 3186 universos
1295 3115 1420 3184 scilieet

380 3304 636 3378 nmmttrettptost
656 3323 677 3362 s.
787 3308 898 3364 bActa
918 3310 1026 3378 synodi
1046 3311 1229 3381 Ephesinae:
1248 3310 1419 3379 ἐμφερέσθω.

379 3389 490 3447 ecaton
509 3408 531 3446 S.
641 3390 769 3449 dueta:
798 3393 829 3449 τὰ
856 3393 906 3463 μὲν
933 3395 1026 3464 ἀρχεῖα
1049 3396 1226 3465 κρατύνεσθαι
1245 3404 1290 3466 τῆς
1306 3399 1419 3457 πίστεως

378 3479 502 3546 δόγματα.
585 3487 599 3519 0
609 3480 811 3549 promulpata
830 3479 875 3534 sb.
958 3477 1015 3533 fet
1034 3495 1055 3535 s.
1129 3477 1284 3548 spoesiat
1302 3478 1377 3534 Ρ134
1395 3496 1418 3535 s.

378 3560 564 3618 haudieadi
582 3561 649 3632 ΡΜ,
741 3562 789 3619 ¹a
807 3580 830 3619 s.
916 3563 1046 3621 ¹¹alicua
1064 3581 1171 3621 samem
1190 3566 1218 3620 b.

326 3727 336 3764 ¹
365 3727 424 3784 Otr.
452 3728 645 3783 Harduinum
674 3730 731 3785 1.1.
757 3730 837 3784 1422.
937 3729 950 3767 2
977 3731 1064 3785 Divis
1083 3729 1291 3802 Augustorum
1310 3733 1418 3789 litteris

218 3813 442 3882 metropolitani
461 3813 650 3883 potissimum
668 3813 821 3884 Ephesum
841 3819 945 3870 sancto
966 3820 1157 3885 pentecostes
1184 3818 1233 3873 die
1253 3819 1418 3874 convenire

217 3896 292 3950 iussi
311 3902 382 3951 sunt
400 3898 498 3968 iisque
517 3899 694 3953 mandatum
713 3905 766 3967 est,
790 3904 824 3953 ut
842 3915 957 3970 paucos
987 3915 1061 3956 suae
1089 3902 1221 3972 quisque
1240 3904 1418 3972 provinciae

219 3986 378 4056 episcopos
398 4001 499 4042 secum
520 3987 717 4056 adducerent,
741 3990 892 4059 quatemus
921 3991 948 4043 ct
974 3987 1164 4060 sufficientes
1192 3989 1322 4060 inipso
1342 4008 1418 4062 pra-

218 4067 320 4209 piacia
349 4070 554 4225 papcptppppuis
583 4070 714 4128 ecclesiis
743 4077 770 4128 et
798 4076 916 4144 syuodo
945 4073 1114 4145 opporteat
1132 4091 1194 4130 aaa
1212 4073 1314 4132 desint
1333 4077 1418 4142 (Har-

240 4170 332 4211 urnus
363 4197 368 4211 .
399 4197 405 4212 .
509 4197 515 4212 .
