3324 4866
653 479 953 538 PROLEGOMENA.
1256 505 1261 518 r
1388 483 1406 538 3

202 639 283 704 iecit
315 639 368 703 vol
402 638 493 703 fama
520 644 591 707 orta
620 645 679 722 est,
715 639 798 710 bane
822 646 959 724 podem
982 660 1004 704 o
1027 641 1228 724 quibusdum
1248 643 1405 728 furatam
1510 675 1513 683 ,

202 739 392 826 deperiisse.

313 845 344 909 4.
381 846 486 912 Ratio
503 852 534 909 ot
554 846 729 929 dispositio
749 843 1068 910 Commonitoriorum
1088 865 1114 910 s.
1129 845 1291 911 Vincentii
1323 845 1405 912 haec

202 953 265 1010 est.
313 946 488 1029 Postquam
510 947 543 1011 in
566 947 768 1032 praefatione
793 949 835 1028 (c.
861 948 893 1020 1)
921 952 1032 1012 auctor
1056 946 1214 1032 exposuit,
1238 948 1354 1015 litteris
1369 967 1405 1014 se

203 1047 505 1132 comprehensurum
529 1068 610 1132 esse,
635 1069 717 1132 quae
741 1070 761 1114 a
785 1050 904 1115 sanctis
928 1049 1074 1133 patribus
1097 1050 1289 1134 accepisset,
1318 1049 1405 1116 unde

204 1150 417 1215 imbecillitati
442 1152 614 1218 memoriae
638 1171 715 1216 suae
731 1157 940 1234 succurreret,
966 1151 1101 1234 quaerit,
1126 1171 1190 1234 qua
1205 1152 1349 1237 generali
1373 1159 1405 1217 et

204 1253 346 1336 regulari
380 1254 504 1319 ratione
533 1255 653 1320 veritas
682 1255 723 1319 ab
746 1254 911 1320 haeretica
934 1255 1097 1339 pravitate
1121 1253 1259 1320 discerni
1284 1255 1403 1340 possit3

202 1374 326 1438 omnes,
359 1355 473 1438 inquit,
506 1355 711 1440 respondent,
744 1356 777 1421 id
807 1357 880 1422 fieri
913 1358 1049 1442 primum
1081 1377 1193 1424 sacrae
1228 1359 1405 1442 scripturae

204 1459 408 1541 auctoritate,
444 1458 520 1527 dein
554 1460 711 1526 ecclesiae
746 1459 927 1526 catholicae
960 1459 1152 1542 traditione,
1191 1480 1284 1526 sacra
1320 1461 1404 1526 enirn

205 1561 364 1646 scriptura
387 1562 456 1627 tola
479 1582 542 1628 non
565 1563 701 1638 sufficit,
738 1563 814 1645 quia
843 1561 971 1645 eloquia
994 1562 1063 1630 eius
1087 1562 1169 1628 alius
1192 1562 1285 1627 aliter
1308 1562 1405 1628 inter·

204 1670 359 1747 pretatur.
407 1663 500 1742 Quod
539 1685 614 1731 vero
653 1671 781 1750 spectat
819 1663 862 1730 ad
900 1664 1106 1730 traditionem
1141 1666 1404 1747 ecclesiasticam,

204 1762 407 1850 mopsopere
431 1768 620 1832 curandam
643 1775 702 1848 eat,
726 1774 764 1832 ot
787 1766 823 1831 ici
847 1771 1028 1849 teceamus,
1052 1768 1139 1852 qood
1163 1768 1293 1851 ubique,
1316 1755 1405 1851 qood

205 1888 345 1951 sempor,
370 1869 458 1952 quod
474 1871 515 1933 ob
532 1871 695 1934 ommibus
710 1870 874 1934 creditum
898 1877 946 1934 cat
970 1872 1011 1950 (c.
1035 1870 1081 1949 2).
1128 1870 1197 1934 Iam
1221 1889 1297 1935 vero
1322 1869 1404 1936 baec

199 1968 342 2034 formula
365 1970 514 2036 solemnis
538 1971 584 2035 ita
617 1971 811 2054 explicatur:
851 1970 886 2034 Si
911 1989 974 2052 qua
998 1971 1156 2054 particula
1181 1971 1339 2037 ecclesiae
1363 1972 1405 2039 ab

204 2072 394 2137 universalis
438 2071 518 2138 fidei
557 2072 779 2138 communione
818 2092 853 2138 se
891 2071 1097 2157 praeciderit,
1136 2075 1184 2138 uti
1212 2073 1403 2140 Donatistae

204 2174 362 2258 fecerunt,
388 2177 417 2240 ei
441 2174 635 2242 universitas
659 2174 884 2260 anteponenda
919 2182 983 2260 est;
1020 2177 1046 2241 si
1073 2195 1135 2258 qua
1166 2195 1242 2242 vero
1276 2176 1405 2242 novella

200 2279 356 2362 contagio
400 2283 500 2343 totam
544 2278 714 2344 ecclesiam
761 2277 996 2344 commaculare
1034 2285 1182 2352 conetur,
1225 2280 1273 2345 uti
1316 2279 1406 2343 Aria·

205 2400 316 2448 norum
344 2369 494 2465 ¹tempore
531 2382 648 2464 evenit,
684 2381 869 2464 antiquitati
905 2379 1136 2447 inhaerendum
1172 2385 1231 2461 est,
1268 2401 1350 2464 quae
1385 2402 1405 2448 a

201 2483 292 2548 nulla
315 2483 468 2548 novitatis
491 2483 605 2548 fraude
629 2482 740 2549 seduci
764 2490 884 2568 potest3
909 2481 1047 2565 denique
1063 2483 1090 2550 si
1106 2483 1228 2567 inipso
1244 2489 1404 2550 vetustate

205 2584 426 2652 nonnullorum
461 2585 622 2653 hominum
655 2594 710 2652 aut
742 2587 835 2652 unius
870 2585 1011 2651 civitatis
1035 2584 1086 2650 vel
1109 2586 1294 2669 provincias
1319 2606 1406 2652 error

203 2685 474 2773 deprehendatur,
503 2686 652 2752 standum
676 2692 724 2753 est
748 2687 781 2751 in
805 2685 945 2752 decretis
975 2687 1173 2770 generalium
1198 2688 1404 2755 conciliorum

205 2797 272 2872 aut,
304 2789 358 2854 ubi
386 2788 467 2854 baec
491 2789 618 2872 desunt,
653 2791 685 2853 in
714 2809 870 2855 consensu
900 2808 1019 2872 eorum,
1056 2789 1121 2872 qui,
1158 2788 1294 2856 diversis
1329 2790 1405 2856 licet

204 2891 402 2977 temporibus
425 2897 457 2956 et
481 2892 571 2974 locis,
603 2894 635 2956 in
660 2893 751 2957 unius
776 2892 933 2958 ecclesiae
958 2890 1138 2957 catholicae
1161 2891 1230 2957 fide
1261 2913 1405 2978 perman-

204 3001 314 3060 serunt
339 2997 379 3078 (c.
405 2995 517 3076 3—4).
565 2994 690 3078 Regula
723 2993 822 3078 igitur
854 2992 1047 3076 traditionis,
1084 3013 1166 3076 quae
1190 3015 1210 3059 a
1233 2995 1403 3061 Vincentio

204 3099 404 3184 proponitur,
427 3099 515 3162 ‘non
538 3098 728 3164 absolute
752 3103 789 3162 et
813 3095 1055 3181 copulative,
1080 3095 1146 3162 sed
1170 3097 1342 3163 relative
1367 3105 1405 3162 et

200 3199 482 3266 distributive’
513 3199 732 3283 intellegenda
762 3206 824 3279 est;
861 3197 1036 3264 deficiente
1060 3198 1145 3264 enim
1168 3201 1272 3284 prima
1296 3201 1404 3284 cogni-

205 3302 302 3367 tionis
326 3307 413 3383 nota,
447 3300 549 3366 altera
573 3300 751 3386 spectanda
775 3308 823 3366 est
847 3307 879 3366 et
902 3300 999 3366 tertia
1023 3299 1149 3365 demum
1175 3320 1246 3366 cum
1271 3307 1405 3384 utraque

200 3401 429 3486 coniungenda
458 3408 516 3484 est,
549 3423 606 3469 seu
634 3403 706 3469 aliis
739 3403 862 3469 verbis:
908 3400 1128 3468 Praeferenda
1161 3409 1210 3467 ost
1242 3405 1405 3488 praesenti

203 3503 304 3571 aetati
322 3511 467 3570 vetustas
479 3511 512 3570 et
527 3505 561 3569 in
576 3511 710 3586 utraque
728 3505 921 3570 ‘maioritas’
936 3505 957 3569 i.
971 3523 998 3568 e.
1016 3505 1183 3569 consensio
1198 3505 1404 3588 plurimorum

204 3606 368 3691 sequenda
380 3613 438 3672 cst.
485 3608 636 3691 Magnum
651 3606 749 3691 igitur·
766 3607 831 3674 vim
844 3608 957 3674 tribuit
970 3607 1158 3674 Vincentius
1174 3613 1207 3672 et
1219 3606 1404 3690 antiquitati

200 3716 236 3776 et
261 3708 473 3794 consensioni,
496 3708 555 3776 sed
578 3710 673 3794 longe
697 3710 869 3775 maximam
893 3709 1095 3776 consensioni
1119 3710 1320 3792 antiquitatis
1330 3712 1351 3774 ².

311 3859 323 3896 ¹
342 3862 428 3925 Quae
441 3858 684 3918 Commonitoriis
704 3861 927 3927 contineantur,
946 3862 1120 3916 accuratius
1143 3863 1271 3916 narrant
1290 3859 1404 3932 Hefele,

203 3945 348 4014 Beitrltge
365 3944 380 3998 Ι
400 3945 551 4012 157-174,
579 3950 609 4000 et
627 3944 781 4013 Harnack,
812 3933 1129 4016 Dossrmengeschichte
1154 3943 1272 4014 118105
1296 3945 1365 4000 adn.
1379 3944 1403 4014 2.

313 4027 326 4065 ²
344 4029 380 4084 Η.
395 4029 480 4085 Koch
498 4029 529 4084 in
543 4029 647 4085 Theol.
658 4028 901 4100 Quartalschrift,
920 4029 997 4085 Tub.
1013 4031 1092 4099 1899,
1110 4029 1265 4100 tas-4343
1285 4029 1404 4086 Schana

202 4112 318 4170 ibidem
338 4113 415 4182 1897,
435 4114 500 4182 1613
529 4111 690 4182 Juelicher,
719 4114 795 4170 Einl.
815 4114 867 4172 IX.
903 4115 999 4171 Porro
1019 4115 1157 4173 Ehrhard
1175 4115 1299 4180 (Hister.
1318 4115 1406 4172 labr-
