3324 4866
689 529 989 587 PROLEGOMENA.
1419 529 1434 583 l

238 691 383 771 tempora
408 689 547 772 repetita
570 696 629 770 est,
654 709 704 752 ex.
728 710 775 773 gr.
801 709 821 753 a
844 689 1029 754 Gallaada'o
1054 685 1270 768 (Bibliotheca
1293 693 1436 753 veterum

202 799 206 805 '
238 796 365 872 patrum
390 789 431 871 X,
468 791 932 878 Venetiis1774),Klaepfel
963 790 1256 871 (Commonitorium
1293 808 1318 854 s.
1343 789 1436 854 Vino.

239 890 323 974 Len,
358 892 501 957 Viennae
527 893 612 957 1809
646 893 730 976 [cum
764 894 990 958 commentario
1023 893 1106 975 fuso,
1139 891 1197 958 sed
1231 891 1310 958 satis
1342 891 1436 976 vilil),

238 995 352 1080 Mtpae
377 995 412 1059 P.
445 995 501 1059 lat.
526 995 553 1059 L
578 995 764 1079 oro-686,
799 997 914 1061 Poirel
946 996 1051 1076 (Vinc.
1085 995 1252 1079 Peregrini
1284 1013 1340 1059 seu
1373 993 1436 1058 alio

238 1096 366 1161 nomine
389 1097 482 1162 Marii
505 1098 694 1164 Mercatoris
722 1098 911 1165 Lerinensia
934 1097 1183 1164 Commonitoria
1215 1095 1289 1180 duo,
1322 1097 1437 1180 Nancy

241 1198 325 1263 1898
351 1198 501 1282 [Adieeta
533 1207 606 1266 sunt
641 1201 763 1286 scripta
785 1201 929 1270 Nestorii
953 1208 985 1266 et
1008 1202 1092 1266 Acta
1116 1199 1275 1282 quaedam
1309 1197 1436 1263 concilii

238 1301 398 1385 generalis
421 1302 611 1387 Ephesinil).

344 1403 527 1470 Editionem
551 1406 757 1472 Balunianam
788 1427 829 1472 ex
853 1406 993 1472 editione
1017 1406 1161 1492 principe
1186 1411 1217 1470 ct
1242 1423 1283 1469 ex
1305 1404 1436 1488 propria

238 1507 423 1572 coniectura
447 1507 630 1574 emendavit
653 1509 899 1592 diligentissime
914 1529 973 1594 pro
990 1529 1078 1574 more
1094 1527 1151 1573 suo
1168 1514 1200 1572 et
1216 1506 1435 1572 sollertissime

238 1607 387 1696 Adolfue
403 1611 579 1694 Iaelicluer,
605 1612 742 1677 Vinzenz
759 1632 822 1677 von
834 1612 984 1677 Lerinum
1003 1610 1285 1676 Commonitorium
1302 1607 1436 1689 (Samm-

239 1710 316 1795 lung
350 1713 589 1796 ausgewttlnlter
623 1714 770 1780 kirchen·
803 1735 834 1780 u.
869 1713 1120 1798 dogmengesch.
1145 1710 1436 1791 Quellenschriften

239 1813 386 1898 herausg.
411 1835 473 1879 von
498 1815 537 1880 G.
562 1815 709 1900 Krueger
732 1818 748 1882 I
774 1819 839 1899 10),
863 1817 952 1883 Frib.
979 1816 1075 1881 1895.

352 1918 543 1983 Veraioaem
566 1921 782 2002 germanicam
805 1919 984 2004 publicavit
1015 1919 1078 1986 Ulul
1103 1919 1182 2000 (Des
1205 1916 1249 1981 hl.
1267 1917 1357 1981 Vina.
1374 1933 1438 1980 von

237 2016 389 2082 Lerinum
414 2018 560 2102 domm),
586 2019 804 2105 Campidonae
829 2022 923 2086 1870.

344 2122 395 2186 De
413 2122 582 2187 Vincentio
606 2129 715 2189 nostra
738 2129 846 2190 aetate
870 2124 903 2188 hi
926 2125 993 2189 viri
1017 2124 1105 2188 docti
1129 2129 1283 2208 eperunt:
1306 2119 1437 2206 Hefele,

238 2223 390 2306 Beitrage
423 2243 478 2288 nur
501 2223 844 2308 Kirehengeschichte,
885 2225 1103 2310 Archaorogie
1137 2222 1203 2289 und
1234 2221 1387 2305 Liturgik
1411 2220 1437 2302 Ι,

239 2325 321 2390 Tub.
348 2326 443 2408 1864,
470 2328 662 2410 145-174;
687 2329 802 2412 Ebert,
826 2329 1027 2414 Allgemeine
1052 2327 1248 2394 Geschichte
1271 2324 1329 2390 der
1352 2323 1438 2387 Lite-

237 2433 326 2491 ratur
360 2426 417 2493 des
451 2430 655 2496 Mittelalters
690 2432 731 2513 1²,
766 2431 856 2516 Lips.
894 2432 990 2515 1889,
1027 2430 1220 2512 468-4r03
1261 2427 1436 2506 Huraack,

239 2529 575 2616 Dogmengeschichte
598 2534 646 2597 11³
675 2533 862 2617 lot-1093
900 2536 1024 2619 Poirel,
1059 2535 1108 2598 De
1132 2540 1267 2615 utroque
1292 2530 1437 2596 Commo·

239 2632 355 2697 nitorio
378 2633 555 2714 Lerinensi,
589 2636 705 2720 Nancy
731 2636 826 2718 1895,
862 2645 973 2703 contra
998 2657 1092 2720 quem
1115 2635 1244 2721 scripsit
1267 2636 1310 2698 H.
1334 2631 1439 2713 Koch,

240 2733 427 2802 Vincentius
450 2757 513 2803 von
536 2738 687 2804 Lerinum
712 2738 776 2804 und
800 2741 920 2806 Marius
944 2741 1104 2807 Mercator
1138 2737 1266 2821 (Theoi.
1292 2734 1438 2815 Quartal-

239 2837 363 2921 schrift,
388 2840 469 2905 Tub.
498 2841 593 2923 1899,
619 2841 820 2923 sao-434).

348 2942 377 3006 7.
417 2943 584 3026 Equidem
619 2945 665 3009 ad
703 2947 883 3011 editionem
921 2947 1008 3010 hanc
1046 2966 1167 3010 accam
1202 2941 1440 3009 adornandam

239 3051 390 3126 quattuor
423 3046 741 3115 Commonitoriorum
774 3048 918 3124 codices,
963 3050 1016 3131 qui
1051 3049 1184 3114 Parisiis
1225 3045 1438 3110 adservantur

239 3168 382 3232 quosque
413 3157 487 3235 post
510 3151 676 3217 Baluzium
708 3172 801 3218 nemo
838 3153 1032 3238 inspexerat,
1067 3152 1127 3217 hoc
1152 3170 1234 3216 anno
1261 3144 1439 3213 190511111-

239 3257 352 3332 genter
376 3254 505 3318 contuli.
553 3254 655 3319 Extra
683 3253 742 3320 hos
772 3253 900 3320 codices
931 3253 973 3319 ad
1000 3260 1123 3320 textum
1155 3253 1328 3337 genuinum
1365 3267 1439 3312 con-

239 3351 433 3417 stituendum
451 3352 582 3420 adhibui
600 3354 774 3420 editionem
791 3357 967 3440 principem
984 3353 1133 3422 sichardi
1152 3353 1247 3436 1528,
1266 3351 1439 3417 editionem

239 3455 367 3519 tertiam
402 3446 533 3522 Balunii¹
562 3457 662 3540 1684,
699 3457 873 3524 editionem
905 3457 1074 3523 Iuelieheri
1105 3456 1200 3522 1895.
1264 3454 1436 3518 Lectiones

239 3556 401 3622 variantes
418 3557 529 3624 horum
555 3557 703 3624 codicum
727 3566 760 3624 et
784 3558 959 3625 editionum
983 3558 1125 3642 integras
1141 3557 1183 3623 ad
1202 3556 1323 3623 calcem
1346 3553 1439 3619 folio-

236 3677 307 3722 rum
332 3659 529 3743 singulorum
551 3658 714 3725 adnotavi.

731 3945 946 3957 Ἣ
