3324 4866
240 495 276 550 34
757 494 827 549 XIV
846 494 925 549 4-8.

241 652 349 721 dotem
373 651 523 736 effingit¹
547 659 603 718 aut
627 672 747 737 regem,
771 652 923 720 sacerdos
947 659 1003 718 aut
1024 673 1081 718 rex
1098 659 1160 733 est3
1185 674 1256 717 nam
1274 653 1444 720 desinente

239 762 315 821 actu
338 753 432 820 simul
456 761 488 819 et
511 775 561 837 ea,
586 763 703 837 quam*
726 753 945 841 susceperatb.
970 774 1107 840 persona
1131 754 1267 821 desistit.
1313 781 1327 819 4
1350 756 1444 820 Absit

240 857 303 923 hoc
326 879 346 922 a
369 856 462 923 nobis
485 856 642 922 nefarium
665 857 919 940 scelestumquec
948 856 1132 922 ludibrium.
1181 858 1443 924 Manichaeorum

239 961 282 1028 sit
305 961 369 1026 ista
392 958 564 1041 dementia,
600 960 666 1044 qui,
701 959 893 1044 phantasiae
916 958 1159 1045 praedicatores
1168 963 1191 1043 ²,
1225 962 1315 1026 aiunt
1338 959 1442 1025 filium

240 1063 292 1128 dei
317 1062 412 1127 deum
435 1081 605 1146 personam
628 1062 766 1128 hominis
788 1082 851 1130 non
868 1058 1091 1128 substantiue‘1
1115 1064 1277 1129 exstitisse
1294 1061 1350 1128 sed
1368 1069 1444 1127 actu

240 1167 387 1252 putativo
411 1164 551 1248 quodam
575 1169 608 1230 et
638 1166 882 1231 conversatione
916 1165 1091 1232 simulasse.
1137 1164 1343 1231 acatholica
1367 1183 1443 1229 vero

240 1269 325 1336 fides
349 1270 396 1334 ita
419 1268 551 1334 verbum
575 1266 629 1333 dei
644 1267 804 1333 hominem
820 1268 943 1334 factum
961 1286 1031 1333 esse
1048 1267 1139 1349 dicit,
1163 1275 1208 1349 ut,
1233 1286 1317 1350 quae
1332 1272 1443 1332 nostra

241 1379 324 1454 sunt,
348 1391 412 1436 non
436 1369 599 1435 fallaciter
615 1377 647 1434 et
663 1369 852 1436 adumbrate
869 1370 927 1435 sed
944 1390 1019 1436 vere
1035 1389 1250 1456 expresseque
1266 1371 1444 1454 susciperet

241 1483 392 1559 et,·quae
415 1483 507 1541 erant
531 1475 679 1552 humana,
710 1495 773 1540 non
797 1475 890 1558 quasi
913 1476 1020 1541 aliena
1043 1474 1224 1540 imitaretur
1253 1471 1312 1538 sed
1334 1471 1444 1556 potius

240 1586 276 1643 ut
292 1598 349 1644 sua
364 1583 503 1662 gereret,
527 1583 560 1642 et
582 1596 722 1661 prorsus,
746 1577 832 1660 quod
849 1579 978 1661 agebat,
1004 1578 1065 1643 hoc
1082 1583 1176 1658 esset,
1201 1595 1294 1658 quem
1312 1574 1443 1658 agebat,

241 1682 269 1746 is
293 1687 412 1761 esset03
445 1681 529 1746 sicut
552 1680 614 1764 ipsi
638 1700 697 1746 nos
721 1699 847 1764 quoque
871 1680 904 1745 in
929 1700 977 1762 eo,
1007 1680 1093 1764 quod
1118 1679 1276 1762 loquimur
1299 1677 1443 1762 sapimus

241 1784 378 1849 vivimus
401 1783 613 1864 subsistimus,
636 1803 700 1849 non
723 1782 885 1848 imitamur
901 1783 1045 1848 homines
1062 1782 1119 1849 sed
1135 1800 1254 1849 sumus.
1300 1806 1313 1845 e
1330 1780 1443 1861 Neque

242 1887 325 1952 enim
349 1886 464 1951 Petrus
488 1892 521 1950 et
533 1884 709 1968 Johannes,
733 1892 769 1950 ut
792 1905 847 1950 eos
870 1885 1068 1969 potissimum
1094 1885 1263 1967 nominem,
1288 1880 1442 1947 imitando

242 1996 334 2054 erant
356 1987 502 2053 homines
525 1986 584 2054 sed
613 1987 826 2053 subsistendo.
873 1988 986 2070 Neque
1018 1989 1095 2053 item
1120 1987 1237 2052 Paulus
1270 1986 1442 2051 simulabat

241 2090 422 2175 apostolum
446 2097 502 2155 aut
525 2090 674 2174 fingebat
690 2090 835 2173 Paulum,
860 2089 917 2156 sed
934 2101 1004 2157 erat
1020 2089 1184 2175 apostolus
1201 2096 1232 2154 et
1249 2089 1443 2154 subsistebat

241 2193 371 2259 Paulus.
417 2220 429 2260 r
446 2193 496 2257 Ita
520 2193 616 2257 etiam
634 2190 712 2257 deus
729 2194 860 2258 verbum
877 2192 1075 2259 adsumendo
1092 2200 1124 2259 et
1140 2191 1289 2257 habendo
1303 2211 1442 2271 carnem,

240 2294 401 2379 loquendo
425 2293 576 2360 faciendo
600 2294 755 2379 patiendo
779 2317 838 2380 per
862 2315 990 2361 earnem
1007 2297 1135 2361 -sine
1159 2294 1224 2359 ulla
1240 2300 1347 2358 tamen
1364 2313 1442 2360 suae

242 2398 445 2483 corruptione
469 2404 603 2462 naturae
628 2433 669 2444 -
694 2397 755 2463 hoc
780 2398 908 2463 omnino
936 2403 1100 2483 praestare
1136 2396 1287 2481 dignatus
1315 2402 1373 2477 est,
1408 2401 1443 2460 ut

240 2499 401 2566 homiuem
433 2501 614 2584 perlectum
644 2519 707 2564 non
737 2500 916 2564 imitaretur
939 2506 995 2565 aut
1018 2499 1159 2583 fingeret
1182 2498 1237 2565 sed
1264 2498 1442 2578 exhiberet,

240 2609 276 2668 ut
300 2602 394 2668 homo
418 2622 513 2667 verus
537 2623 599 2667 non
625 2601 788 2668 videretur
811 2609 868 2667 aut
891 2609 1058 2688 putaretur
1082 2601 1139 2668 sed
1157 2608 1241 2667 esset
1257 2608 1354 2683 atque
1370 2600 1443 2665 sub·

240 2706 377 2772 sisteret.
424 2704 564 2790 sigitur
596 2705 678 2770 sicut
710 2706 828 2787 anima,
864 2726 1009 2771 connexa
1043 2706 1131 2772 carni
1164 2724 1224 2770 nec
1252 2705 1285 2768 in
1314 2721 1442 2768 earnem

240 2812 348 2873 tamen
373 2828 475 2890 versa,
501 2828 563 2872 non
587 2808 729 2872 imitatur
752 2806 912 2873 hominem
936 2808 995 2874 sed
1019 2816 1069 2874 est
1086 2808 1189 2887 bomo,
1214 2814 1247 2872 et
1264 2806 1358 2872 homo
1379 2825 1443 2871 uon

240 2928 299 2994 per
322 2909 557 2975 simulationem
581 2908 638 2975 sed
654 2929 711 2993 per
730 2909 952 2992 substantiam,
977 2911 1023 2975 ita
1040 2911 1135 2975 etiam
1153 2909 1285 2975 verbum
1302 2908 1382 2974 deus
1400 2945 1442 2954 -

400 3137 415 3168 a
430 3128 473 3180 ita
491 3129 532 3196 bi,
551 3143 629 3197 quoe
648 3126 728 3181 ΡῙ-·’1
747 3145 768 3182 s.
852 3128 868 3169 b
888 3127 1060 3198 susciperet
1078 3127 1129 3182 Pl.
1221 3130 1441 3184 acceleratum-

401 3226 459 3281 que
478 3214 511 3266 si.
621 3211 637 3254 ‘¹
656 3215 698 3268 ita
718 3215 726 3266 i
748 3229 815 3267 oum
836 3211 1348 3281 eustorio,mostantioeP1-sssu,
1374 3214 1442 3269 sub·

400 3295 517 3352 stacteo
536 3294 584 3351 1³⁴.
657 3299 727 3351 sita
747 3294 815 3366 1³³⁴,
830 3314 962 3368 prorsus
982 3299 1065 3368 quod
1083 3300 1191 3369 agebat
1203 3300 1257 3354 hoc
1271 3301 1346 3354 essct
1359 3298 1442 3369 quod

401 3383 510 3452 agebat
528 3379 557 3436 a'a
575 3383 650 3436 esset
668 3381 716 3446 ΡΙ,
733 3398 863 3450 prorsus
884 3386 967 3453 quod
986 3385 1095 3453 agebat
1114 3383 1142 3439 is
1156 3386 1231 3440 esset
1244 3381 1294 3452 P2,
1309 3399 1442 3453 prorsus·

403 3468 485 3536 quod
504 3467 612 3536 agebat
630 3467 684 3521 boe
703 3465 793 3521 eliam
813 3482 903 3537 quam
922 3469 1029 3539 agebat
1048 3467 1076 3523 is
1089 3472 1164 3524 essct
1177 3486 1198 3534 s,
1214 3484 1347 3537 prorsus
1360 3470 1441 3537 quod

403 3553 510 3620 agebat
528 3551 582 3605 boc
601 3549 694 3606 etiam
713 3554 789 3607 asael
808 3567 897 3622 quem
916 3554 1024 3622 agebat
1042 3553 1070 3608 c'a
1089 3557 1164 3609 essct
1183 3555 1222 3608 bi.

349 3716 360 3754 ¹
378 3717 414 3772 Id
433 3719 529 3788 igitur
547 3723 690 3790 temporis
709 3723 848 3791 tragoedi
868 3729 897 3778 et
918 3725 1053 3778 comoedi
1077 3725 1245 3779 induebant
1274 3725 1375 3794 palam
1405 3740 1441 3778 ae

155 3862 159 3871 ,
239 3804 360 3874 publice
381 3819 541 3873 personam
562 3807 696 3875 episcopi
716 3823 778 3860 non
798 3822 886 3863 secus
911 3825 947 3862 ac
974 3811 1099 3864 aliorum
1121 3811 1276 3864 hominum
1295 3811 1440 3877 (Beluae).

239 3886 279 3942 At
297 3889 462 3958 imperator
480 3888 667 3944 lastinianus
687 3891 847 3945 theatralia
867 3899 1045 3948 exercentes
1064 3895 1218 3948 schemate
1237 3896 1282 3950 uti
1301 3896 1441 3950 monachi

240 3977 293 4027 aut
312 3974 496 4027 monastriae
515 3979 569 4028 aut
581 3976 800 4045 cuiuscumque
817 3993 968 4046 personae
987 3978 1168 4046 huiusmodi,
1188 3980 1336 4048 gravibus
1350 3981 1440 4035 etiam

239 4058 337 4112 exsilii
357 4058 464 4126 poenis
491 4058 654 4126 intentatis
684 4061 782 4114 vetuit
801 4059 939 4126 (Novella
960 4062 1012 4116 123
1033 4064 1105 4130 fin).
1214 4061 1225 4098 '2
1247 4062 1440 4118 Manichaeos

240 4142 376 4196 docetice
395 4141 432 4197 de
452 4141 568 4196 Christo
587 4144 717 4198 sensisse
736 4150 839 4198 notum
860 4151 913 4200 est.
