<?xml version="1.0" encoding="UTF-8"?>
<!DOCTYPE html PUBLIC "-//W3C//DTD XHTML 1.0 Transitional//EN"
    "http://www.w3.org/TR/xhtml1/DTD/xhtml1-transitional.dtd">
<html xmlns="http://www.w3.org/1999/xhtml" xml:lang="en" lang="en">
 <head>
  <title>
</title>
<meta http-equiv="Content-Type" content="text/html;charset=utf-8" />
  <meta name='ocr-system' content='tesseract 3.04.00' />
  <meta name='ocr-capabilities' content='ocr_page ocr_carea ocr_par ocr_line ocrx_word'/>
</head>
<body>
  <div class='ocr_page' id='page_1' title='image "./commonitoria00rausgoog_0039.png"; bbox 0 0 3324 4866; ppageno 0'>
   <div class='ocr_carea' id='block_1_1' title="bbox 643 495 1426 566">
    <p class='ocr_par' dir='ltr' id='par_1_1' title="bbox 643 495 1426 566">
     <span class='ocr_line' id='line_1_1' title="bbox 643 495 1426 566; baseline 0.003 -15"><span class='ocrx_word' id='word_1_1' title='bbox 643 495 716 551; x_wconf 84' lang='lat' dir='ltr'><strong>xm</strong></span> <span class='ocrx_word' id='word_1_2' title='bbox 736 495 876 550; x_wconf 76' lang='lat' dir='ltr'><strong>ro-xlv</strong></span> <span class='ocrx_word' id='word_1_3' title='bbox 895 497 912 551; x_wconf 86' lang='lat'><strong>3</strong></span> <span class='ocrx_word' id='word_1_4' title='bbox 931 496 997 566; x_wconf 80' lang='lat' dir='ltr'><strong>(ao).</strong></span> <span class='ocrx_word' id='word_1_5' title='bbox 1391 499 1426 553; x_wconf 81' lang='lat' dir='ltr'><strong>ee</strong></span> 
     </span>
    </p>
   </div>
   <div class='ocr_carea' id='block_1_2' title="bbox 159 651 1426 1862">
    <p class='ocr_par' dir='ltr' id='par_1_2' title="bbox 169 651 1426 1661">
     <span class='ocr_line' id='line_1_2' title="bbox 226 651 1424 740; baseline 0.002 -22"><span class='ocrx_word' id='word_1_6' title='bbox 226 671 352 736; x_wconf 93' lang='lat' dir='ltr'><strong>semper</strong></span> <span class='ocrx_word' id='word_1_7' title='bbox 383 651 416 716; x_wconf 93' lang='lat' dir='ltr'><strong>in</strong></span> <span class='ocrx_word' id='word_1_8' title='bbox 441 652 567 719; x_wconf 82' lang='lat' dir='ltr'><strong>Christo</strong></span> <span class='ocrx_word' id='word_1_9' title='bbox 591 651 817 736; x_wconf 81' lang='lat' dir='ltr'><strong>singularitate</strong></span> <span class='ocrx_word' id='word_1_10' title='bbox 841 654 932 720; x_wconf 89' lang='lat' dir='ltr'><strong>nnius</strong></span> <span class='ocrx_word' id='word_1_11' title='bbox 957 652 1165 737; x_wconf 90' lang='lat' dir='ltr'><strong>eiusdemque</strong></span> <span class='ocrx_word' id='word_1_12' title='bbox 1188 674 1355 740; x_wconf 78' lang='lat' dir='ltr'><strong>personae,</strong></span> <span class='ocrx_word' id='word_1_13' title='bbox 1391 655 1424 720; x_wconf 91' lang='lat' dir='ltr'><strong>in</strong></span> 
     </span>
     <span class='ocr_line' id='line_1_3' title="bbox 226 755 1424 841; baseline 0.003 -23"><span class='ocrx_word' id='word_1_14' title='bbox 226 761 389 818; x_wconf 89' lang='lat' dir='ltr'><strong>aeternum</strong></span> <span class='ocrx_word' id='word_1_15' title='bbox 413 774 539 837; x_wconf 91' lang='lat' dir='ltr'><strong>quoque</strong></span> <span class='ocrx_word' id='word_1_16' title='bbox 567 761 754 839; x_wconf 90' lang='lat' dir='ltr'><strong>permaneat</strong></span> <span class='ocrx_word' id='word_1_17' title='bbox 785 756 966 840; x_wconf 82' lang='lat' dir='ltr'><strong>proprietas</strong></span> <span class='ocrx_word' id='word_1_18' title='bbox 998 755 1247 840; x_wconf 89' lang='lat' dir='ltr'><strong>uniuscuiusque</strong></span> <span class='ocrx_word' id='word_1_19' title='bbox 1279 763 1424 841; x_wconf 89' lang='lat' dir='ltr'><strong>naturae,</strong></span> 
     </span>
     <span class='ocr_line' id='line_1_4' title="bbox 225 855 1426 944; baseline 0.003 -24"><span class='ocrx_word' id='word_1_20' title='bbox 225 876 287 939; x_wconf 89' lang='lat' dir='ltr'><strong>quo</strong></span> <span class='ocrx_word' id='word_1_21' title='bbox 315 855 438 922; x_wconf 90' lang='lat' dir='ltr'><strong>scilicet</strong></span> <span class='ocrx_word' id='word_1_22' title='bbox 466 878 526 923; x_wconf 90' lang='lat' dir='ltr'><strong>nec</strong></span> <span class='ocrx_word' id='word_1_23' title='bbox 555 876 704 939; x_wconf 88' lang='lat' dir='ltr'><strong>umquam</strong></span> <span class='ocrx_word' id='word_1_24' title='bbox 733 856 815 923; x_wconf 89' lang='lat' dir='ltr'><strong>deus</strong></span> <span class='ocrx_word' id='word_1_25' title='bbox 843 877 959 942; x_wconf 86' lang='lat' dir='ltr'><strong>corpus</strong></span> <span class='ocrx_word' id='word_1_26' title='bbox 992 878 1063 925; x_wconf 88' lang='lat' dir='ltr'><strong>esse</strong></span> <span class='ocrx_word' id='word_1_27' title='bbox 1094 859 1239 944; x_wconf 86' lang='lat' dir='ltr'><strong>incipiat,</strong></span> <span class='ocrx_word' id='word_1_28' title='bbox 1274 880 1333 926; x_wconf 90' lang='lat' dir='ltr'><strong>nec</strong></span> <span class='ocrx_word' id='word_1_29' title='bbox 1368 860 1426 925; x_wconf 90' lang='lat' dir='ltr'><strong>ali·</strong></span> 
     </span>
     <span class='ocr_line' id='line_1_5' title="bbox 224 958 1425 1045; baseline 0.005 -22"><span class='ocrx_word' id='word_1_30' title='bbox 224 958 353 1040; x_wconf 89' lang='lat' dir='ltr'><strong>quando</strong></span> <span class='ocrx_word' id='word_1_31' title='bbox 388 979 504 1045; x_wconf 89' lang='lat' dir='ltr'><strong>corpus</strong></span> <span class='ocrx_word' id='word_1_32' title='bbox 536 979 651 1043; x_wconf 86' lang='lat' dir='ltr'><strong>corpus</strong></span> <span class='ocrx_word' id='word_1_33' title='bbox 685 979 754 1026; x_wconf 84' lang='lat' dir='ltr'><strong>esse</strong></span> <span class='ocrx_word' id='word_1_34' title='bbox 786 959 931 1027; x_wconf 82' lang='lat' dir='ltr'><strong>desistat.</strong></span> <span class='ocrx_word' id='word_1_35' title='bbox 978 987 1004 1026; x_wconf 74' lang='grc' dir='ltr'><strong>ιι</strong></span> <span class='ocrx_word' id='word_1_36' title='bbox 1027 960 1121 1039; x_wconf 79' lang='lat' dir='ltr'><strong>Quod</strong></span> <span class='ocrx_word' id='word_1_37' title='bbox 1144 963 1242 1028; x_wconf 90' lang='lat' dir='ltr'><strong>etiam</strong></span> <span class='ocrx_word' id='word_1_38' title='bbox 1266 961 1425 1029; x_wconf 84' lang='lat' dir='ltr'>humanae</span> 
     </span>
     <span class='ocr_line' id='line_1_6' title="bbox 224 1062 1425 1151; baseline 0.003 -23"><span class='ocrx_word' id='word_1_39' title='bbox 224 1062 416 1129; x_wconf 86' lang='lat' dir='ltr'><strong>conditionis</strong></span> <span class='ocrx_word' id='word_1_40' title='bbox 449 1062 687 1129; x_wconf 88' lang='lat' dir='ltr'><strong>demonstratur</strong></span> <span class='ocrx_word' id='word_1_41' title='bbox 718 1065 876 1150; x_wconf 85' lang='lat' dir='ltr'><strong>exemplo.</strong></span> <span class='ocrx_word' id='word_1_42' title='bbox 930 1065 1045 1148; x_wconf 82' lang='lat' dir='ltr'>Neque</span> <span class='ocrx_word' id='word_1_43' title='bbox 1078 1066 1161 1131; x_wconf 87' lang='lat' dir='ltr'><strong>enim</strong></span> <span class='ocrx_word' id='word_1_44' title='bbox 1194 1067 1227 1130; x_wconf 92' lang='lat' dir='ltr'><strong>in</strong></span> <span class='ocrx_word' id='word_1_45' title='bbox 1261 1067 1425 1151; x_wconf 82' lang='lat' dir='ltr'>praesenti</span> 
     </span>
     <span class='ocr_line' id='line_1_7' title="bbox 169 1163 1425 1250; baseline 0.004 -21"><span class='ocrx_word' id='word_1_46' title='bbox 169 1163 176 1186; x_wconf 62' lang='lat'>‘</span> <span class='ocrx_word' id='word_1_47' title='bbox 223 1170 347 1230; x_wconf 88' lang='lat' dir='ltr'><strong>tanturn</strong></span> <span class='ocrx_word' id='word_1_48' title='bbox 371 1165 428 1231; x_wconf 89' lang='lat' dir='ltr'><strong>sed</strong></span> <span class='ocrx_word' id='word_1_49' title='bbox 452 1165 484 1230; x_wconf 92' lang='lat' dir='ltr'><strong>in</strong></span> <span class='ocrx_word' id='word_1_50' title='bbox 513 1165 621 1230; x_wconf 84' lang='lat' dir='ltr'><strong>futuro</strong></span> <span class='ocrx_word' id='word_1_51' title='bbox 650 1185 776 1249; x_wconf 85' lang='lat' dir='ltr'><strong>quoque</strong></span> <span class='ocrx_word' id='word_1_52' title='bbox 808 1168 1023 1250; x_wconf 90' lang='lat' dir='ltr'><strong>unusquisque</strong></span> <span class='ocrx_word' id='word_1_53' title='bbox 1056 1167 1218 1237; x_wconf 88' lang='lat' dir='ltr'><strong>hominum</strong></span> <span class='ocrx_word' id='word_1_54' title='bbox 1249 1188 1289 1233; x_wconf 84' lang='lat' dir='ltr'><strong>ex</strong></span> <span class='ocrx_word' id='word_1_55' title='bbox 1317 1169 1425 1234; x_wconf 86' lang='lat' dir='ltr'><strong>anima</strong></span> 
     </span>
     <span class='ocr_line' id='line_1_8' title="bbox 224 1267 1424 1355; baseline 0.004 -24"><span class='ocrx_word' id='word_1_56' title='bbox 224 1267 384 1332; x_wconf 79' lang='lat' dir='ltr'><strong>constabit</strong></span> <span class='ocrx_word' id='word_1_57' title='bbox 408 1275 441 1332; x_wconf 93' lang='lat' dir='ltr'><strong>et</strong></span> <span class='ocrx_word' id='word_1_58' title='bbox 465 1287 608 1352; x_wconf 88' lang='lat' dir='ltr'><strong>corpore,</strong></span> <span class='ocrx_word' id='word_1_59' title='bbox 632 1287 692 1333; x_wconf 91' lang='lat' dir='ltr'><strong>nec</strong></span> <span class='ocrx_word' id='word_1_60' title='bbox 715 1274 823 1334; x_wconf 83' lang='lat' dir='ltr'><strong>tamen</strong></span> <span class='ocrx_word' id='word_1_61' title='bbox 846 1288 996 1352; x_wconf 85' lang='lat' dir='ltr'><strong>umquam</strong></span> <span class='ocrx_word' id='word_1_62' title='bbox 1022 1274 1078 1334; x_wconf 90' lang='lat' dir='ltr'><strong>aut</strong></span> <span class='ocrx_word' id='word_1_63' title='bbox 1101 1289 1216 1355; x_wconf 70' lang='lat' dir='ltr'><strong>corpus</strong></span> <span class='ocrx_word' id='word_1_64' title='bbox 1236 1271 1269 1334; x_wconf 92' lang='lat' dir='ltr'><strong>in</strong></span> <span class='ocrx_word' id='word_1_65' title='bbox 1285 1271 1424 1336; x_wconf 87' lang='lat' dir='ltr'><strong>animam</strong></span> 
     </span>
     <span class='ocr_line' id='line_1_9' title="bbox 224 1370 1425 1454; baseline 0.003 -20"><span class='ocrx_word' id='word_1_66' title='bbox 224 1375 280 1434; x_wconf 89' lang='lat' dir='ltr'><strong>aut</strong></span> <span class='ocrx_word' id='word_1_67' title='bbox 302 1370 408 1436; x_wconf 89' lang='lat' dir='ltr'><strong>anima</strong></span> <span class='ocrx_word' id='word_1_68' title='bbox 431 1376 573 1436; x_wconf 87' lang='lat' dir='ltr'><strong>vertetur</strong></span> <span class='ocrx_word' id='word_1_69' title='bbox 596 1371 629 1435; x_wconf 93' lang='lat' dir='ltr'><strong>in</strong></span> <span class='ocrx_word' id='word_1_70' title='bbox 654 1390 779 1454; x_wconf 86' lang='lat' dir='ltr'><strong>corpus,</strong></span> <span class='ocrx_word' id='word_1_71' title='bbox 803 1370 860 1436; x_wconf 90' lang='lat' dir='ltr'><strong>sed</strong></span> <span class='ocrx_word' id='word_1_72' title='bbox 884 1391 1075 1454; x_wconf 89' lang='lat' dir='ltr'><strong>unoquoque</strong></span> <span class='ocrx_word' id='word_1_73' title='bbox 1092 1370 1253 1436; x_wconf 91' lang='lat' dir='ltr'><strong>hominum</strong></span> <span class='ocrx_word' id='word_1_74' title='bbox 1270 1373 1338 1438; x_wconf 89' lang='lat' dir='ltr'><strong>sine</strong></span> <span class='ocrx_word' id='word_1_75' title='bbox 1357 1372 1425 1440; x_wconf 86' lang='lat' dir='ltr'><strong>fine</strong></span> 
     </span>
     <span class='ocr_line' id='line_1_10' title="bbox 223 1471 1425 1559; baseline 0.003 -23"><span class='ocrx_word' id='word_1_76' title='bbox 223 1472 358 1554; x_wconf 85' lang='lat' dir='ltr'><strong>victuro,</strong></span> <span class='ocrx_word' id='word_1_77' title='bbox 393 1473 427 1538; x_wconf 90' lang='lat' dir='ltr'><strong>in</strong></span> <span class='ocrx_word' id='word_1_78' title='bbox 456 1492 648 1554; x_wconf 90' lang='lat' dir='ltr'><strong>unoquoque</strong></span> <span class='ocrx_word' id='word_1_79' title='bbox 676 1471 838 1538; x_wconf 90' lang='lat' dir='ltr'><strong>hominum</strong></span> <span class='ocrx_word' id='word_1_80' title='bbox 867 1473 937 1539; x_wconf 89' lang='lat' dir='ltr'><strong>sine</strong></span> <span class='ocrx_word' id='word_1_81' title='bbox 965 1473 1031 1538; x_wconf 85' lang='lat' dir='ltr'><strong>fine</strong></span> <span class='ocrx_word' id='word_1_82' title='bbox 1055 1475 1236 1559; x_wconf 88' lang='lat' dir='ltr'><strong>necessario</strong></span> <span class='ocrx_word' id='word_1_83' title='bbox 1260 1474 1425 1557; x_wconf 90' lang='lat' dir='ltr'><strong>utriusque</strong></span> 
     </span>
     <span class='ocr_line' id='line_1_11' title="bbox 224 1574 1424 1661; baseline 0.003 -21"><span class='ocrx_word' id='word_1_84' title='bbox 224 1574 423 1640; x_wconf 89' lang='lat' dir='ltr'><strong>substantiae</strong></span> <span class='ocrx_word' id='word_1_85' title='bbox 452 1574 642 1641; x_wconf 85' lang='lat' dir='ltr'><strong>differentia</strong></span> <span class='ocrx_word' id='word_1_86' title='bbox 671 1577 884 1661; x_wconf 87' lang='lat' dir='ltr'><strong>permanebit.</strong></span> <span class='ocrx_word' id='word_1_87' title='bbox 932 1601 957 1641; x_wconf 80' lang='lat' dir='ltr'><strong>rs</strong></span> <span class='ocrx_word' id='word_1_88' title='bbox 981 1576 1055 1642; x_wconf 75' lang='lat' dir='ltr'><strong>Ita·</strong></span> <span class='ocrx_word' id='word_1_89' title='bbox 1090 1577 1123 1641; x_wconf 90' lang='lat' dir='ltr'><strong>in</strong></span> <span class='ocrx_word' id='word_1_90' title='bbox 1147 1576 1274 1643; x_wconf 82' lang='lat' dir='ltr'><strong>Christo</strong></span> <span class='ocrx_word' id='word_1_91' title='bbox 1298 1597 1424 1661; x_wconf 89' lang='lat' dir='ltr'><strong>quoque</strong></span> 
     </span>
    </p>

    <p class='ocr_par' dir='ltr' id='par_1_3' title="bbox 159 1674 1422 1862">
     <span class='ocr_line' id='line_1_12' title="bbox 223 1674 1422 1765; baseline 0.004 -24"><span class='ocrx_word' id='word_1_92' title='bbox 223 1677 386 1759; x_wconf 90' lang='lat' dir='ltr'><strong>utriusque</strong></span> <span class='ocrx_word' id='word_1_93' title='bbox 403 1674 625 1742; x_wconf 83' lang='lat' dir='ltr'><strong>substantiaeb</strong></span> <span class='ocrx_word' id='word_1_94' title='bbox 649 1686 729 1744; x_wconf 80' lang='lat' dir='ltr'><strong>suac</strong></span> <span class='ocrx_word' id='word_1_95' title='bbox 753 1679 869 1761; x_wconf 89' lang='lat' dir='ltr'><strong>cuique</strong></span> <span class='ocrx_word' id='word_1_96' title='bbox 885 1679 917 1743; x_wconf 93' lang='lat' dir='ltr'><strong>in</strong></span> <span class='ocrx_word' id='word_1_97' title='bbox 935 1685 1101 1744; x_wconf 90' lang='lat' dir='ltr'><strong>aeternum</strong></span> <span class='ocrx_word' id='word_1_98' title='bbox 1116 1681 1307 1765; x_wconf 87' lang='lat' dir='ltr'><strong>proprietas,</strong></span> <span class='ocrx_word' id='word_1_99' title='bbox 1331 1681 1422 1756; x_wconf 85' lang='lat' dir='ltr'><strong>salva</strong></span> 
     </span>
     <span class='ocr_line' id='line_1_13' title="bbox 159 1767 941 1862; baseline -0.001 -19"><span class='ocrx_word' id='word_1_100' title='bbox 159 1767 161 1772; x_wconf 71' lang='grc'><strong>’</strong></span> <span class='ocrx_word' id='word_1_101' title='bbox 223 1784 331 1843; x_wconf 90' lang='lat' dir='ltr'><strong>tamen</strong></span> <span class='ocrx_word' id='word_1_102' title='bbox 354 1797 510 1862; x_wconf 89' lang='lat' dir='ltr'><strong>personae</strong></span> <span class='ocrx_word' id='word_1_103' title='bbox 534 1779 666 1860; x_wconf 90' lang='lat' dir='ltr'><strong>unitate,</strong></span> <span class='ocrx_word' id='word_1_104' title='bbox 690 1777 859 1845; x_wconf 86' lang='lat' dir='ltr'><strong>retinenda</strong></span> <span class='ocrx_word' id='word_1_105' title='bbox 884 1786 941 1845; x_wconf 89' lang='lat' dir='ltr'><strong>est.</strong></span> 
     </span>
    </p>
   </div>
   <div class='ocr_carea' id='block_1_3' title="bbox 261 1994 1379 2184">
    <p class='ocr_par' dir='ltr' id='par_1_4' title="bbox 261 1994 1379 2184">
     <span class='ocr_line' id='line_1_14' title="bbox 261 1994 1379 2082; baseline 0.006 -24"><span class='ocrx_word' id='word_1_106' title='bbox 261 1994 349 2060; x_wconf 92' lang='lat' dir='ltr'>XIV.</span> <span class='ocrx_word' id='word_1_107' title='bbox 396 1997 492 2062; x_wconf 84' lang='lat' dir='ltr'><strong>Deus</strong></span> <span class='ocrx_word' id='word_1_108' title='bbox 515 1999 661 2078; x_wconf 82' lang='lat' dir='ltr'><strong>verbum,</strong></span> <span class='ocrx_word' id='word_1_109' title='bbox 686 2018 771 2082; x_wconf 83' lang='lat' dir='ltr'><strong>quae</strong></span> <span class='ocrx_word' id='word_1_110' title='bbox 794 2004 911 2062; x_wconf 79' lang='lat' dir='ltr'><strong>nostru</strong></span> <span class='ocrx_word' id='word_1_111' title='bbox 933 2005 1024 2078; x_wconf 79' lang='lat' dir='ltr'><strong>sunt,</strong></span> <span class='ocrx_word' id='word_1_112' title='bbox 1048 2020 1116 2063; x_wconf 79' lang='lat' dir='ltr'><strong>aon</strong></span> <span class='ocrx_word' id='word_1_113' title='bbox 1138 2000 1303 2064; x_wconf 76' lang='lat' dir='ltr'><strong>imitando</strong></span> <span class='ocrx_word' id='word_1_114' title='bbox 1327 2001 1379 2065; x_wconf 81' lang='lat' dir='ltr'><strong>nel</strong></span> 
     </span>
     <span class='ocr_line' id='line_1_15' title="bbox 542 2098 1101 2184; baseline 0 -22"><span class='ocrx_word' id='word_1_115' title='bbox 542 2098 745 2181; x_wconf 75' lang='lat' dir='ltr'><strong>simulando,</strong></span> <span class='ocrx_word' id='word_1_116' title='bbox 770 2099 829 2163; x_wconf 83' lang='lat' dir='ltr'><strong>sed</strong></span> <span class='ocrx_word' id='word_1_117' title='bbox 851 2119 928 2163; x_wconf 79' lang='lat' dir='ltr'><strong>cere</strong></span> <span class='ocrx_word' id='word_1_118' title='bbox 946 2101 1101 2184; x_wconf 73' lang='lat' dir='ltr'><strong>suscepit.</strong></span> 
     </span>
    </p>
   </div>
   <div class='ocr_carea' id='block_1_4' title="bbox 220 2247 1426 3360">
    <p class='ocr_par' dir='ltr' id='par_1_5' title="bbox 220 2247 1426 3360">
     <span class='ocr_line' id='line_1_16' title="bbox 329 2247 1423 2334; baseline 0.005 -22"><span class='ocrx_word' id='word_1_119' title='bbox 329 2249 397 2328; x_wconf 78' lang='lat'>(20)</span> <span class='ocrx_word' id='word_1_120' title='bbox 411 2247 476 2314; x_wconf 83' lang='lat' dir='ltr'><strong>Sed</strong></span> <span class='ocrx_word' id='word_1_121' title='bbox 494 2269 566 2313; x_wconf 87' lang='lat' dir='ltr'><strong>cum</strong></span> <span class='ocrx_word' id='word_1_122' title='bbox 583 2269 749 2334; x_wconf 78' lang='lat' dir='ltr'><strong>personam</strong></span> <span class='ocrx_word' id='word_1_123' title='bbox 766 2249 896 2334; x_wconf 90' lang='lat' dir='ltr'><strong>saepius</strong></span> <span class='ocrx_word' id='word_1_124' title='bbox 912 2250 1111 2317; x_wconf 89' lang='lat' dir='ltr'><strong>nominamus</strong></span> <span class='ocrx_word' id='word_1_125' title='bbox 1127 2258 1159 2315; x_wconf 91' lang='lat' dir='ltr'><strong>et</strong></span> <span class='ocrx_word' id='word_1_126' title='bbox 1175 2251 1324 2331; x_wconf 81' lang='lat' dir='ltr'><strong>dicimus,</strong></span> <span class='ocrx_word' id='word_1_127' title='bbox 1337 2252 1423 2334; x_wconf 91' lang='lat' dir='ltr'><strong>qnod</strong></span> 
     </span>
     <span class='ocr_line' id='line_1_17' title="bbox 223 2346 1424 2437; baseline 0.004 -25"><span class='ocrx_word' id='word_1_128' title='bbox 223 2347 302 2415; x_wconf 89' lang='lat' dir='ltr'><strong>deus</strong></span> <span class='ocrx_word' id='word_1_129' title='bbox 325 2369 384 2433; x_wconf 88' lang='lat' dir='ltr'><strong>per</strong></span> <span class='ocrx_word' id='word_1_130' title='bbox 405 2346 596 2434; x_wconf 78' lang='lat' dir='ltr'><strong>personam‘¹</strong></span> <span class='ocrx_word' id='word_1_131' title='bbox 620 2351 714 2415; x_wconf 92' lang='lat' dir='ltr'><strong>homo</strong></span> <span class='ocrx_word' id='word_1_132' title='bbox 737 2351 846 2416; x_wconf 87' lang='lat' dir='ltr'><strong>factus</strong></span> <span class='ocrx_word' id='word_1_133' title='bbox 862 2353 914 2434; x_wconf 91' lang='lat' dir='ltr'><strong>sit,</strong></span> <span class='ocrx_word' id='word_1_134' title='bbox 938 2351 1145 2418; x_wconf 81' lang='lat' dir='ltr'><strong>vehementer</strong></span> <span class='ocrx_word' id='word_1_135' title='bbox 1170 2352 1345 2420; x_wconf 82' lang='lat' dir='ltr'><strong>verendum</strong></span> <span class='ocrx_word' id='word_1_136' title='bbox 1365 2360 1424 2437; x_wconf 91' lang='lat' dir='ltr'><strong>est,</strong></span> 
     </span>
     <span class='ocr_line' id='line_1_18' title="bbox 223 2451 1426 2537; baseline 0.007 -21"><span class='ocrx_word' id='word_1_137' title='bbox 223 2460 283 2516; x_wconf 80' lang='lat' dir='ltr'><strong>ne⁶</strong></span> <span class='ocrx_word' id='word_1_138' title='bbox 308 2451 370 2518; x_wconf 92' lang='lat' dir='ltr'><strong>hoc</strong></span> <span class='ocrx_word' id='word_1_139' title='bbox 394 2453 502 2518; x_wconf 84' lang='lat' dir='ltr'><strong>dicere</strong></span> <span class='ocrx_word' id='word_1_140' title='bbox 526 2452 702 2536; x_wconf 89' lang='lat' dir='ltr'><strong>videamur,</strong></span> <span class='ocrx_word' id='word_1_141' title='bbox 739 2453 825 2537; x_wconf 91' lang='lat' dir='ltr'><strong>quod</strong></span> <span class='ocrx_word' id='word_1_142' title='bbox 856 2453 936 2520; x_wconf 90' lang='lat' dir='ltr'><strong>deus</strong></span> <span class='ocrx_word' id='word_1_143' title='bbox 965 2455 1097 2519; x_wconf 92' lang='lat' dir='ltr'><strong>verbum</strong></span> <span class='ocrx_word' id='word_1_144' title='bbox 1121 2454 1209 2522; x_wconf 73' lang='lat' dir='ltr'><strong>solaf</strong></span> <span class='ocrx_word' id='word_1_145' title='bbox 1244 2458 1426 2525; x_wconf 81' lang='lat' dir='ltr'><strong>imitatione</strong></span> 
     </span>
     <span class='ocr_line' id='line_1_19' title="bbox 222 2555 1424 2641; baseline 0.009 -24"><span class='ocrx_word' id='word_1_146' title='bbox 222 2555 368 2637; x_wconf 88' lang='lat' dir='ltr'><strong>actionis,</strong></span> <span class='ocrx_word' id='word_1_147' title='bbox 393 2575 475 2637; x_wconf 89' lang='lat' dir='ltr'><strong>quae</strong></span> <span class='ocrx_word' id='word_1_148' title='bbox 499 2563 573 2622; x_wconf 90' lang='lat' dir='ltr'><strong>sunt</strong></span> <span class='ocrx_word' id='word_1_149' title='bbox 596 2563 716 2638; x_wconf 89' lang='lat' dir='ltr'><strong>nostra,</strong></span> <span class='ocrx_word' id='word_1_150' title='bbox 741 2558 930 2641; x_wconf 88' lang='lat' dir='ltr'><strong>susceperit,</strong></span> <span class='ocrx_word' id='word_1_151' title='bbox 955 2564 996 2631; x_wconf 90' lang='lat' dir='ltr'><strong>et,</strong></span> <span class='ocrx_word' id='word_1_152' title='bbox 1020 2558 1173 2641; x_wconf 91' lang='lat' dir='ltr'><strong>quicquid</strong></span> <span class='ocrx_word' id='word_1_153' title='bbox 1188 2560 1269 2625; x_wconf 90' lang='lat' dir='ltr'><strong>illud</strong></span> <span class='ocrx_word' id='word_1_154' title='bbox 1286 2569 1335 2627; x_wconf 93' lang='lat' dir='ltr'><strong>est</strong></span> <span class='ocrx_word' id='word_1_155' title='bbox 1351 2582 1424 2628; x_wconf 87' lang='lat' dir='ltr'><strong>con-</strong></span> 
     </span>
     <span class='ocr_line' id='line_1_20' title="bbox 222 2656 1424 2743; baseline 0.008 -23"><span class='ocrx_word' id='word_1_156' title='bbox 222 2657 413 2722; x_wconf 88' lang='lat' dir='ltr'><strong>versationis</strong></span> <span class='ocrx_word' id='word_1_157' title='bbox 437 2656 606 2738; x_wconf 89' lang='lat' dir='ltr'><strong>hnmanae,</strong></span> <span class='ocrx_word' id='word_1_158' title='bbox 642 2659 732 2739; x_wconf 90' lang='lat' dir='ltr'><strong>quasi</strong></span> <span class='ocrx_word' id='word_1_159' title='bbox 757 2657 965 2725; x_wconf 89' lang='lat' dir='ltr'><strong>adumbratus</strong></span> <span class='ocrx_word' id='word_1_160' title='bbox 998 2680 1062 2724; x_wconf 92' lang='lat' dir='ltr'><strong>non</strong></span> <span class='ocrx_word' id='word_1_161' title='bbox 1090 2664 1181 2743; x_wconf 89' lang='lat' dir='ltr'><strong>quasi</strong></span> <span class='ocrx_word' id='word_1_162' title='bbox 1210 2682 1305 2730; x_wconf 81' lang='lat' dir='ltr'><strong>verus</strong></span> <span class='ocrx_word' id='word_1_163' title='bbox 1330 2663 1424 2730; x_wconf 91' lang='lat' dir='ltr'><strong>horno</strong></span> 
     </span>
     <span class='ocr_line' id='line_1_21' title="bbox 222 2757 1424 2850; baseline 0.009 -28"><span class='ocrx_word' id='word_1_164' title='bbox 222 2757 354 2839; x_wconf 82' lang='lat' dir='ltr'><strong>fecerit3</strong></span> <span class='ocrx_word' id='word_1_165' title='bbox 389 2760 509 2825; x_wconf 77' lang='lat' dir='ltr'><strong>ssicut</strong></span> <span class='ocrx_word' id='word_1_166' title='bbox 531 2760 565 2825; x_wconf 94' lang='lat' dir='ltr'><strong>in</strong></span> <span class='ocrx_word' id='word_1_167' title='bbox 593 2760 728 2826; x_wconf 85' lang='lat' dir='ltr'><strong>theatris</strong></span> <span class='ocrx_word' id='word_1_168' title='bbox 752 2761 826 2826; x_wconf 82' lang='lat' dir='ltr'><strong>ficri</strong></span> <span class='ocrx_word' id='word_1_169' title='bbox 849 2761 940 2846; x_wconf 87' lang='lat' dir='ltr'><strong>solet,</strong></span> <span class='ocrx_word' id='word_1_170' title='bbox 978 2763 1033 2828; x_wconf 90' lang='lat' dir='ltr'><strong>ubi</strong></span> <span class='ocrx_word' id='word_1_171' title='bbox 1057 2782 1138 2830; x_wconf 90' lang='lat' dir='ltr'><strong>unus</strong></span> <span class='ocrx_word' id='word_1_172' title='bbox 1160 2765 1268 2850; x_wconf 89' lang='lat' dir='ltr'><strong>plures</strong></span> <span class='ocrx_word' id='word_1_173' title='bbox 1292 2767 1424 2850; x_wconf 85' lang='lat' dir='ltr'><strong>effingit</strong></span> 
     </span>
     <span class='ocr_line' id='line_1_22' title="bbox 220 2864 1424 2950; baseline 0.009 -26"><span class='ocrx_word' id='word_1_174' title='bbox 220 2867 353 2944; x_wconf 87' lang='lat' dir='ltr'><strong>repente</strong></span> <span class='ocrx_word' id='word_1_175' title='bbox 369 2881 534 2946; x_wconf 84' lang='lat' dir='ltr'><strong>personas,</strong></span> <span class='ocrx_word' id='word_1_176' title='bbox 552 2882 685 2947; x_wconf 92' lang='lat' dir='ltr'><strong>quarum</strong></span> <span class='ocrx_word' id='word_1_177' title='bbox 698 2865 768 2949; x_wconf 90' lang='lat' dir='ltr'><strong>ipse</strong></span> <span class='ocrx_word' id='word_1_178' title='bbox 784 2864 871 2930; x_wconf 90' lang='lat' dir='ltr'><strong>nulla</strong></span> <span class='ocrx_word' id='word_1_179' title='bbox 888 2873 946 2932; x_wconf 90' lang='lat' dir='ltr'><strong>est.</strong></span> <span class='ocrx_word' id='word_1_180' title='bbox 994 2865 1286 2950; x_wconf 83' lang='lat' dir='ltr'><strong>Quotienscumque</strong></span> <span class='ocrx_word' id='word_1_181' title='bbox 1305 2869 1424 2935; x_wconf 90' lang='lat' dir='ltr'><strong>etenim</strong></span> 
     </span>
     <span class='ocr_line' id='line_1_23' title="bbox 222 2963 1424 3050; baseline 0.007 -22"><span class='ocrx_word' id='word_1_182' title='bbox 222 2963 330 3046; x_wconf 86' lang='lat' dir='ltr'><strong>aliqua</strong></span> <span class='ocrx_word' id='word_1_183' title='bbox 353 2964 525 3049; x_wconf 88' lang='lat' dir='ltr'><strong>suscipitur</strong></span> <span class='ocrx_word' id='word_1_184' title='bbox 547 2966 684 3031; x_wconf 89' lang='lat' dir='ltr'><strong>imitatio</strong></span> <span class='ocrx_word' id='word_1_185' title='bbox 708 2967 845 3033; x_wconf 89' lang='lat' dir='ltr'><strong>aetionis</strong></span> <span class='ocrx_word' id='word_1_186' title='bbox 862 2967 997 3050; x_wconf 85' lang='lat' dir='ltr'><strong>alienae,</strong></span> <span class='ocrx_word' id='word_1_187' title='bbox 1021 2969 1069 3034; x_wconf 91' lang='lat' dir='ltr'><strong>ita</strong></span> <span class='ocrx_word' id='word_1_188' title='bbox 1085 2968 1220 3035; x_wconf 89' lang='lat' dir='ltr'><strong>aliorum</strong></span> <span class='ocrx_word' id='word_1_189' title='bbox 1236 2971 1352 3036; x_wconf 87' lang='lat' dir='ltr'><strong>officia</strong></span> <span class='ocrx_word' id='word_1_190' title='bbox 1368 2979 1424 3036; x_wconf 88' lang='lat' dir='ltr'><strong>ant</strong></span> 
     </span>
     <span class='ocr_line' id='line_1_24' title="bbox 222 3069 1424 3157; baseline 0.007 -26"><span class='ocrx_word' id='word_1_191' title='bbox 222 3085 321 3150; x_wconf 88' lang='lat' dir='ltr'><strong>opera</strong></span> <span class='ocrx_word' id='word_1_192' title='bbox 349 3072 529 3151; x_wconf 89' lang='lat' dir='ltr'><strong>patrantur,</strong></span> <span class='ocrx_word' id='word_1_193' title='bbox 565 3075 600 3133; x_wconf 91' lang='lat' dir='ltr'><strong>ut</strong></span> <span class='ocrx_word' id='word_1_194' title='bbox 624 3077 731 3135; x_wconf 89' lang='lat' dir='ltr'><strong>tamen</strong></span> <span class='ocrx_word' id='word_1_195' title='bbox 754 3069 799 3152; x_wconf 92' lang='lat' dir='ltr'><strong>hi,</strong></span> <span class='ocrx_word' id='word_1_196' title='bbox 836 3071 890 3152; x_wconf 91' lang='lat' dir='ltr'><strong>qui</strong></span> <span class='ocrx_word' id='word_1_197' title='bbox 914 3076 1025 3154; x_wconf 84' lang='lat' dir='ltr'><strong>agunt,</strong></span> <span class='ocrx_word' id='word_1_198' title='bbox 1062 3091 1125 3136; x_wconf 94' lang='lat' dir='ltr'><strong>non</strong></span> <span class='ocrx_word' id='word_1_199' title='bbox 1148 3073 1213 3140; x_wconf 91' lang='lat' dir='ltr'><strong>sint</strong></span> <span class='ocrx_word' id='word_1_200' title='bbox 1235 3073 1308 3157; x_wconf 91' lang='lat' dir='ltr'><strong>ipsi,</strong></span> <span class='ocrx_word' id='word_1_201' title='bbox 1344 3092 1424 3155; x_wconf 90' lang='lat' dir='ltr'><strong>quos</strong></span> 
     </span>
     <span class='ocr_line' id='line_1_25' title="bbox 222 3170 1424 3259; baseline 0.008 -28"><span class='ocrx_word' id='word_1_202' title='bbox 222 3176 330 3252; x_wconf 81' lang='lat' dir='ltr'><strong>agunt.</strong></span> <span class='ocrx_word' id='word_1_203' title='bbox 388 3170 539 3253; x_wconf 76' lang='lat' dir='ltr'><strong>eNcque</strong></span> <span class='ocrx_word' id='word_1_204' title='bbox 574 3172 668 3254; x_wconf 91' lang='lat' dir='ltr'><strong>enim,</strong></span> <span class='ocrx_word' id='word_1_205' title='bbox 707 3207 751 3218; x_wconf 90' lang='lat'>-</span> <span class='ocrx_word' id='word_1_206' title='bbox 787 3178 822 3237; x_wconf 89' lang='lat' dir='ltr'><strong>ut</strong></span> <span class='ocrx_word' id='word_1_207' title='bbox 856 3173 946 3238; x_wconf 89' lang='lat' dir='ltr'><strong>verbi</strong></span> <span class='ocrx_word' id='word_1_208' title='bbox 980 3175 1086 3256; x_wconf 84' lang='lat' dir='ltr'><strong>gratia</strong></span> <span class='ocrx_word' id='word_1_209' title='bbox 1109 3174 1320 3240; x_wconf 87' lang='lat' dir='ltr'><strong>saecularium</strong></span> <span class='ocrx_word' id='word_1_210' title='bbox 1356 3175 1424 3259; x_wconf 68' lang='lat' dir='ltr'><strong>[etss</strong></span> 
     </span>
     <span class='ocr_line' id='line_1_26' title="bbox 222 3268 1424 3360; baseline 0.006 -25"><span class='ocrx_word' id='word_1_211' title='bbox 222 3268 518 3357; x_wconf 78' lang='lat' dir='ltr'><strong>Manichaeorum]¹¹</strong></span> <span class='ocrx_word' id='word_1_212' title='bbox 542 3280 668 3339; x_wconf 89' lang='lat' dir='ltr'><strong>utamur</strong></span> <span class='ocrx_word' id='word_1_213' title='bbox 692 3274 848 3360; x_wconf 83' lang='lat' dir='ltr'><strong>exemplis</strong></span> <span class='ocrx_word' id='word_1_214' title='bbox 872 3305 914 3322; x_wconf 76' lang='lat'><strong>·-</strong></span> <span class='ocrx_word' id='word_1_215' title='bbox 938 3294 1010 3339; x_wconf 92' lang='lat' dir='ltr'><strong>eum</strong></span> <span class='ocrx_word' id='word_1_216' title='bbox 1038 3282 1129 3341; x_wconf 85' lang='lat' dir='ltr'><strong>actor</strong></span> <span class='ocrx_word' id='word_1_217' title='bbox 1152 3276 1294 3360; x_wconf 85' lang='lat' dir='ltr'><strong>tragicus</strong></span> <span class='ocrx_word' id='word_1_218' title='bbox 1318 3297 1424 3344; x_wconf 88' lang='lat' dir='ltr'><strong>saeer-</strong></span> 
     </span>
    </p>
   </div>
   <div class='ocr_carea' id='block_1_5' title="bbox 381 3445 1425 3718">
    <p class='ocr_par' dir='ltr' id='par_1_6' title="bbox 381 3445 1425 3718">
     <span class='ocr_line' id='line_1_27' title="bbox 381 3445 1422 3548; baseline 0.009 -19"><span class='ocrx_word' id='word_1_219' title='bbox 381 3486 397 3517; x_wconf 71' lang='lat'>2</span> <span class='ocrx_word' id='word_1_220' title='bbox 410 3483 446 3540; x_wconf 95' lang='lat'>&gt;</span> <span class='ocrx_word' id='word_1_221' title='bbox 464 3475 516 3534; x_wconf 79' lang='lat' dir='ltr'><strong>P4.</strong></span> <span class='ocrx_word' id='word_1_222' title='bbox 589 3476 605 3519; x_wconf 82' lang='lat' dir='ltr'>b</span> <span class='ocrx_word' id='word_1_223' title='bbox 625 3476 801 3548; x_wconf 78' lang='lat' dir='ltr'><strong>differentia</strong></span> <span class='ocrx_word' id='word_1_224' title='bbox 822 3518 828 3533; x_wconf 89' lang='lat'><em>.</em></span> <span class='ocrx_word' id='word_1_225' title='bbox 849 3519 855 3532; x_wconf 93' lang='lat'>.</span> <span class='ocrx_word' id='word_1_226' title='bbox 875 3519 881 3533; x_wconf 91' lang='lat'><strong>.</strong></span> <span class='ocrx_word' id='word_1_227' title='bbox 901 3478 1089 3534; x_wconf 80' lang='lat' dir='ltr'><strong>substantiae</strong></span> <span class='ocrx_word' id='word_1_228' title='bbox 1107 3486 1143 3543; x_wconf 96' lang='lat'>&gt;</span> <span class='ocrx_word' id='word_1_229' title='bbox 1162 3480 1211 3536; x_wconf 67' lang='grc' dir='ltr'><strong>ΡΙ,</strong></span> <span class='ocrx_word' id='word_1_230' title='bbox 1286 3491 1387 3538; x_wconf 67' lang='lat' dir='ltr'><strong>esoce</strong></span> <span class='ocrx_word' id='word_1_231' title='bbox 1400 3445 1422 3538; x_wconf 89' lang='lat' dir='ltr'><strong>s.</strong></span> 
     </span>
     <span class='ocr_line' id='line_1_28' title="bbox 385 3560 1425 3632; baseline 0.006 -17"><span class='ocrx_word' id='word_1_232' title='bbox 385 3560 401 3602; x_wconf 80' lang='lat' dir='ltr'>d</span> <span class='ocrx_word' id='word_1_233' title='bbox 425 3577 561 3631; x_wconf 82' lang='lat' dir='ltr'><strong>persone</strong></span> <span class='ocrx_word' id='word_1_234' title='bbox 590 3566 671 3631; x_wconf 73' lang='lat' dir='ltr'><strong>(pror</strong></span> <span class='ocrx_word' id='word_1_235' title='bbox 690 3566 855 3632; x_wconf 85' lang='lat' dir='ltr'><strong>perpere.)</strong></span> <span class='ocrx_word' id='word_1_236' title='bbox 884 3579 907 3616; x_wconf 90' lang='lat' dir='ltr'><strong>s.</strong></span> <span class='ocrx_word' id='word_1_237' title='bbox 1016 3573 1107 3619; x_wconf 67' lang='lat' dir='ltr'><strong>eaeo</strong></span> <span class='ocrx_word' id='word_1_238' title='bbox 1126 3563 1175 3619; x_wconf 77' lang='lat'><strong>1³⁴.</strong></span> <span class='ocrx_word' id='word_1_239' title='bbox 1285 3564 1425 3631; x_wconf 69' lang='lat' dir='ltr'>1&gt;P⁴.</span> 
     </span>
     <span class='ocr_line' id='line_1_29' title="bbox 382 3644 1350 3718; baseline 0.01 -22"><span class='ocrx_word' id='word_1_240' title='bbox 382 3649 461 3700; x_wconf 81' lang='lat' dir='ltr'><strong>sest</strong></span> <span class='ocrx_word' id='word_1_241' title='bbox 480 3644 526 3700; x_wconf 79' lang='lat' dir='ltr'><strong>P².</strong></span> <span class='ocrx_word' id='word_1_242' title='bbox 600 3645 680 3701; x_wconf 81' lang='lat' dir='ltr'><strong>hita</strong></span> <span class='ocrx_word' id='word_1_243' title='bbox 698 3645 779 3700; x_wconf 71' lang='grc' dir='ltr'><strong>ΡῙ-4</strong></span> <span class='ocrx_word' id='word_1_244' title='bbox 797 3663 828 3714; x_wconf 79' lang='lat' dir='ltr'><strong>s3</strong></span> <span class='ocrx_word' id='word_1_245' title='bbox 865 3653 900 3702; x_wconf 88' lang='lat' dir='ltr'><strong>ut</strong></span> <span class='ocrx_word' id='word_1_246' title='bbox 919 3650 1055 3718; x_wconf 88' lang='lat' dir='ltr'><strong>spurium</strong></span> <span class='ocrx_word' id='word_1_247' title='bbox 1074 3655 1157 3704; x_wconf 89' lang='lat' dir='ltr'><strong>recte</strong></span> <span class='ocrx_word' id='word_1_248' title='bbox 1177 3651 1290 3706; x_wconf 88' lang='lat' dir='ltr'><strong>eiciunt</strong></span> <span class='ocrx_word' id='word_1_249' title='bbox 1312 3652 1350 3706; x_wconf 92' lang='lat' dir='ltr'><strong>bi.</strong></span> 
     </span>
    </p>
   </div>
   <div class='ocr_carea' id='block_1_6' title="bbox 221 3815 1424 4308">
    <p class='ocr_par' dir='ltr' id='par_1_7' title="bbox 221 3815 1424 4222">
     <span class='ocr_line' id='line_1_30' title="bbox 222 3815 1424 3887; baseline 0.005 -19"><span class='ocrx_word' id='word_1_250' title='bbox 222 3815 393 3884; x_wconf 85' lang='lat' dir='ltr'><strong>passionem</strong></span> <span class='ocrx_word' id='word_1_251' title='bbox 413 3815 479 3869; x_wconf 91' lang='lat' dir='ltr'><strong>eius</strong></span> <span class='ocrx_word' id='word_1_252' title='bbox 498 3815 538 3869; x_wconf 87' lang='lat' dir='ltr'><strong>ad</strong></span> <span class='ocrx_word' id='word_1_253' title='bbox 558 3815 748 3870; x_wconf 86' lang='lat' dir='ltr'><strong>divinitatem</strong></span> <span class='ocrx_word' id='word_1_254' title='bbox 760 3816 953 3884; x_wconf 78' lang='lat' dir='ltr'><strong>referebant3</strong></span> <span class='ocrx_word' id='word_1_255' title='bbox 972 3817 1059 3884; x_wconf 88' lang='lat' dir='ltr'><strong>hanc,</strong></span> <span class='ocrx_word' id='word_1_256' title='bbox 1079 3818 1193 3887; x_wconf 91' lang='lat' dir='ltr'><strong>quippe</strong></span> <span class='ocrx_word' id='word_1_257' title='bbox 1209 3833 1288 3886; x_wconf 90' lang='lat' dir='ltr'><strong>quae</strong></span> <span class='ocrx_word' id='word_1_258' title='bbox 1303 3820 1424 3875; x_wconf 89' lang='lat' dir='ltr'><strong>animae</strong></span> 
     </span>
     <span class='ocr_line' id='line_1_31' title="bbox 222 3900 1423 3969; baseline 0.005 -16"><span class='ocrx_word' id='word_1_259' title='bbox 222 3914 277 3954; x_wconf 91' lang='lat' dir='ltr'><strong>seu</strong></span> <span class='ocrx_word' id='word_1_260' title='bbox 295 3900 505 3954; x_wconf 88' lang='lat' dir='ltr'><strong>substantivae</strong></span> <span class='ocrx_word' id='word_1_261' title='bbox 525 3901 642 3954; x_wconf 85' lang='lat' dir='ltr'><strong>formae</strong></span> <span class='ocrx_word' id='word_1_262' title='bbox 660 3902 692 3954; x_wconf 93' lang='lat' dir='ltr'><strong>in</strong></span> <span class='ocrx_word' id='word_1_263' title='bbox 710 3901 831 3956; x_wconf 90' lang='lat' dir='ltr'><strong>homine</strong></span> <span class='ocrx_word' id='word_1_264' title='bbox 861 3901 960 3956; x_wconf 88' lang='lat' dir='ltr'><strong>locum</strong></span> <span class='ocrx_word' id='word_1_265' title='bbox 990 3907 1116 3969; x_wconf 92' lang='lat' dir='ltr'><strong>teneret,</strong></span> <span class='ocrx_word' id='word_1_266' title='bbox 1144 3903 1175 3955; x_wconf 92' lang='lat' dir='ltr'><strong>in</strong></span> <span class='ocrx_word' id='word_1_267' title='bbox 1203 3902 1423 3960; x_wconf 89' lang='lat' dir='ltr'><strong>humanitatem</strong></span> 
     </span>
     <span class='ocr_line' id='line_1_32' title="bbox 222 3984 1423 4054; baseline 0.005 -16"><span class='ocrx_word' id='word_1_268' title='bbox 222 3985 353 4054; x_wconf 88' lang='lat' dir='ltr'><strong>quodam</strong></span> <span class='ocrx_word' id='word_1_269' title='bbox 371 3984 462 4039; x_wconf 91' lang='lat' dir='ltr'><strong>modo</strong></span> <span class='ocrx_word' id='word_1_270' title='bbox 483 4000 660 4040; x_wconf 83' lang='lat' dir='ltr'><strong>conversam</strong></span> <span class='ocrx_word' id='word_1_271' title='bbox 681 4001 746 4041; x_wconf 91' lang='lat' dir='ltr'><strong>esse</strong></span> <span class='ocrx_word' id='word_1_272' title='bbox 766 3985 967 4054; x_wconf 73' lang='lat' dir='ltr'><strong>adserebant,</strong></span> <span class='ocrx_word' id='word_1_273' title='bbox 996 3988 1049 4041; x_wconf 82' lang='lat' dir='ltr'><strong>cir.</strong></span> <span class='ocrx_word' id='word_1_274' title='bbox 1073 3985 1177 4054; x_wconf 76' lang='lat' dir='ltr'><strong>Hilar,</strong></span> <span class='ocrx_word' id='word_1_275' title='bbox 1206 3989 1252 4042; x_wconf 93' lang='lat' dir='ltr'><strong>De</strong></span> <span class='ocrx_word' id='word_1_276' title='bbox 1272 3991 1339 4043; x_wconf 92' lang='lat' dir='ltr'><strong>trin.</strong></span> <span class='ocrx_word' id='word_1_277' title='bbox 1359 3989 1423 4044; x_wconf 86' lang='lat' dir='ltr'><strong>X9</strong></span> 
     </span>
     <span class='ocr_line' id='line_1_33' title="bbox 222 4067 1424 4140; baseline 0.004 -17"><span class='ocrx_word' id='word_1_278' title='bbox 222 4075 251 4124; x_wconf 88' lang='lat' dir='ltr'><strong>et</strong></span> <span class='ocrx_word' id='word_1_279' title='bbox 272 4069 318 4123; x_wconf 84' lang='lat'><strong>18:</strong></span> <span class='ocrx_word' id='word_1_280' title='bbox 346 4067 389 4123; x_wconf 79' lang='lat' dir='ltr'><strong>Ac</strong></span> <span class='ocrx_word' id='word_1_281' title='bbox 406 4084 445 4122; x_wconf 79' lang='lat' dir='ltr'><strong>ae</strong></span> <span class='ocrx_word' id='word_1_282' title='bbox 463 4069 546 4123; x_wconf 64' lang='lat' dir='ltr'><strong>verm</strong></span> <span class='ocrx_word' id='word_1_283' title='bbox 564 4067 772 4140; x_wconf 60' lang='lat' dir='ltr'><strong>vinceretque</strong></span> <span class='ocrx_word' id='word_1_284' title='bbox 791 4074 908 4124; x_wconf 78' lang='lat' dir='ltr'><strong>natura</strong></span> <span class='ocrx_word' id='word_1_285' title='bbox 927 4068 1074 4140; x_wconf 80' lang='lat' dir='ltr'><strong>defecisse</strong></span> <span class='ocrx_word' id='word_1_286' title='bbox 1098 4087 1117 4124; x_wconf 89' lang='grc' dir='ltr'><em>α</em></span> <span class='ocrx_word' id='word_1_287' title='bbox 1138 4087 1169 4125; x_wconf 90' lang='lat' dir='ltr'><strong>se</strong></span> <span class='ocrx_word' id='word_1_288' title='bbox 1194 4070 1424 4128; x_wconf 56' lang='lat' dir='ltr'><strong>suatimaretur</strong></span> 
     </span>
     <span class='ocr_line' id='line_1_34' title="bbox 221 4151 483 4222; baseline 0.004 -15"><span class='ocrx_word' id='word_1_289' title='bbox 221 4151 255 4207; x_wconf 82' lang='lat' dir='ltr'><strong>e&#39;rr</strong></span> <span class='ocrx_word' id='word_1_290' title='bbox 274 4169 397 4209; x_wconf 72' lang='lat' dir='ltr'><strong>carnem</strong></span> <span class='ocrx_word' id='word_1_291' title='bbox 417 4169 483 4222; x_wconf 88' lang='lat' dir='ltr'><strong>squ.</strong></span> 
     </span>
    </p>

    <p class='ocr_par' dir='ltr' id='par_1_8' title="bbox 275 4240 1224 4308">
     <span class='ocr_line' id='line_1_35' title="bbox 275 4240 1224 4308; baseline -0.001 -11"><span class='ocrx_word' id='word_1_292' title='bbox 275 4254 635 4308; x_wconf 67' lang='lat' dir='ltr'><strong>neusen0n‚u10rnegrum</strong></span> <span class='ocrx_word' id='word_1_293' title='bbox 652 4255 683 4298; x_wconf 90' lang='lat' dir='ltr'><strong>v.</strong></span> <span class='ocrx_word' id='word_1_294' title='bbox 1206 4240 1224 4296; x_wconf 85' lang='grc'><strong>3</strong></span> 
     </span>
    </p>
   </div>
   <div class='ocr_carea' id='block_1_7' title="bbox 0 0 1666 4866">
    <p class='ocr_par' dir='ltr' id='par_1_9' title="bbox 0 0 1666 4866">
     <span class='ocr_line' id='line_1_36' title="bbox 0 0 1666 4866; baseline 0 1"><span class='ocrx_word' id='word_1_295' title='bbox 0 0 1666 4866; x_wconf 95' lang='lat' dir='ltr'><strong> </strong></span> 
     </span>
    </p>
   </div>
  </div>
 </body>
</html>
