3324 4866
250 503 286 558 26
728 501 756 557 X
774 501 870 557 l-XI
888 502 906 557 3
924 501 989 566 (16).

189 717 193 724 ,
251 665 478 729 somniatoris.
527 663 571 728 Et
594 682 702 746 quare,
743 681 798 727 oro
822 667 864 746 te,
900 659 1004 726 adeo
1027 680 1091 724 non
1118 661 1306 746 prohibetur
1334 660 1455 744 doceri,

252 767 339 850 quod
364 767 462 833 adeo
478 767 665 853 prohibetur
680 764 807 830 audiri?
853 765 952 846 Quia,
977 764 1089 846 inquit,
1115 770 1330 850 temptatam
1351 767 1455 830 domi·

252 881 338 938 aaa*
360 874 442 938 deas
465 879 583 954 ociter,
608 878 645 936 at
662 871 785 956 palam
806 871 879 956 fiat,
903 877 1020 935 atram
1043 869 1194 954 diligatis
1218 888 1293 932 eam
1316 889 1362 932 aa
1385 888 1454 932 coa

251 975 288 1039 ia
312 981 380 1040 toto
404 975 504 1040 corde
528 981 559 1038 et
582 975 619 1038 ia
643 981 712 1039 toto
736 974 853 1038 anima
875 979 997 1038 vestra.
1044 996 1057 1036 r
1079 970 1170 1036 Luce
1199 970 1316 1035 clarius
1340 976 1454 1055 aperta

252 1097 350 1142 causa
367 1083 426 1159 est,
452 1096 507 1141 cur
523 1075 682 1142 interdum
699 1074 810 1141 divina
826 1072 1055 1160 providentiab
1072 1072 1227 1157 quosdam
1244 1072 1453 1138 ecclesiarum

251 1178 423 1264 magistros
438 1199 522 1245 nova
539 1178 697 1261 quaedam
714 1177 866 1262 dogmata
883 1175 1072 1263 praedicare
1088 1175 1246 1260 patiatur:
1271 1183 1308 1242 at
1318 1183 1454 1260 temptet

251 1303 309 1346 oos
344 1281 508 1362 dominas,
548 1281 682 1362 inquit⁰‚
722 1282 804 1345 deos
838 1284 956 1344 cester.
1003 1303 1016 1342 o
1044 1275 1110 1342 Et‘l
1149 1278 1295 1363 profecto
1334 1298 1453 1362 magna

250 1384 420 1467 temptatio
445 1390 503 1459 est,
529 1403 600 1448 cum
624 1381 690 1460 ille,
713 1401 806 1464 quem
831 1389 865 1445 tu
888 1379 1089 1465 prophetam,
1114 1400 1208 1463 quem
1224 1379 1452 1465 prophetarum

251 1485 454 1570 discipulum,
478 1505 572 1568 quem
596 1484 761 1550 doctorem
785 1490 818 1549 et
838 1482 1034 1548 adsertorem
1060 1483 1207 1548 veritatis
1229 1494 1333 1567 putes,
1358 1503 1452 1566 quem

250 1608 372 1654 summa
396 1587 604 1653 veneratione
628 1596 661 1652 et
684 1607 792 1652 amore
809 1587 996 1671 complexus
1011 1587 1064 1666 sis,
1089 1586 1116 1650 is
1132 1586 1158 1650 si
1175 1586 1300 1652 subito⁰
1316 1586 1454 1651 latenter

250 1691 364 1755 noxios
387 1689 581 1755 subinducat
604 1709 738 1772 errores,
774 1709 853 1771 quos
883 1708 943 1754 nec
972 1689 1035 1753 cito
1066 1687 1308 1773 deprehendere
1332 1689 1452 1772 valeas,

252 1791 326 1856 dum
351 1793 475 1875 antiqui
499 1792 677 1876 magisterii
702 1791 829 1857 duceris
855 1790 1062 1876 praeiudicio,
1086 1810 1146 1856 nec
1169 1791 1267 1857 facile
1298 1791 1453 1856 damnare

251 1892 449 1978 audeastttf,
474 1895 549 1960 dum
574 1895 718 1978 magistri
742 1895 860 1959 veteris
884 1891 1085 1978 praepediris
1109 1892 1250 1959 adfectu.

251 2199 308 2261 XI.
357 2197 450 2273 Quae
476 2200 568 2265 dicta
584 2206 673 2280 suat,
697 2199 927 2265 inlustraretur
943 2201 1106 2284 exemplis
1122 2201 1283 2278 Nestorii,
1304 2199 1451 2281 Photiai,

742 2301 964 2386 Apollinaris.

357 2455 426 2534 (16)
456 2455 517 2518 Hic
548 2454 684 2521 forsitan
716 2455 880 2540 efflagitet
915 2456 1039 2538 aliquis,
1074 2463 1110 2520 ut
1145 2476 1193 2539 ea,
1230 2475 1312 2538 quae
1346 2456 1450 2522 sancti

249 2557 352 2641 Moysi
377 2558 484 2622 verbis
507 2557 637 2623 adserta
661 2565 743 2640 sunt,
769 2559 997 2624 ecclesiasticis
1018 2559 1178 2641 aliquibus
1194 2557 1452 2625 demonstrentur

250 2661 413 2744 exemplis.
460 2661 575 2742 Aequa
599 2661 816 2746 expostulatio
839 2681 899 2727 nee
923 2661 977 2744 diu
995 2660 1188 2729 differenda.
1236 2687 1248 2726 a
1271 2662 1356 2729 Nam
1379 2669 1450 2727 uta

248 2763 402 2848 proximis
426 2769 459 2827 et
483 2762 661 2828 manifestis
691 2763 853 2848 incipiam,
890 2764 1016 2847 qualem
1052 2764 1153 2829 fuisse
1181 2784 1283 2849 nuper
1315 2770 1451 2849 tempta·

249 2865 370 2930 tionem
393 2872 553 2950 putamus,
578 2885 649 2931 cum
674 2865 787 2931 infelix
811 2866 865 2932 ille
888 2868 1066 2950 Nestorius,
1098 2865 1204 2931 subito
1229 2885 1269 2931 ex
1293 2886 1354 2932 ove
1379 2887 1452 2931 con·

249 2987 359 3034 versus
382 2968 414 3032 in
439 2968 556 3052 lupum,
581 2987 713 3052 gregem
732 2968 852 3034 Christi
876 2968 1020 3034 lacerare
1044 2971 1213 3054 coepisset,
1239 2989 1311 3034 cum
1327 2989 1401 3035 eum
1417 2969 1450 3034 hi

248 3069 320 3154 ipsi,
357 3070 410 3153 qui
440 3069 645 3149 rodebantur,
682 3090 721 3135 ex
750 3091 869 3154 magna
897 3070 1004 3136 adhuc
1027 3078 1119 3156 parte
1155 3091 1247 3136 ovem
1283 3070 1451 3136 crederent

247 3172 385 3255 ideoque
408 3173 565 3239 morsibus
588 3173 676 3239 suisss
699 3173 803 3257 magis
819 3171 992 3259 paterent?
1038 3175 1150 3241 sNam
1174 3174 1333 3257 quiscum
1352 3172 1450 3238 facile

248 3295 355 3340 errare
385 3276 604 3358 arbitraretur,
640 3296 734 3359 quem
763 3283 854 3342 tanto
882 3278 1007 3363 imperii
1031 3277 1150 3344 iudicio
1175 3277 1323 3360 electum,
1358 3283 1449 3341 tanto

248 3377 450 3443 sacerdotum
468 3377 574 3444 studio
590 3386 796 3463 prosecutum
814 3378 948 3461 videret,
966 3381 1030 3462 qui,
1048 3400 1120 3446 cum
1132 3401 1250 3463 magno
1266 3386 1449 3446 sanctorum

247 3499 365 3563 amore,
390 3500 512 3546 summo
536 3482 644 3567 populi
669 3482 783 3547 favore
799 3482 1025 3566 celebraretur,
1051 3482 1184 3548 cottidie
1208 3482 1315 3568 palam
1340 3480 1450 3546 divina

247 3583 410 3647 tractabat
442 3582 571 3665 eloquia
594 3590 627 3648 et
659 3586 772 3648 noxios
796 3583 963 3667 quosqueh
987 3585 1182 3651 iudaeorum
1217 3590 1250 3650 et
1283 3583 1450 3668 gentilium

396 3834 459 3890 ²>
478 3826 526 3882 Pl.
672 3827 688 3870 b
704 3829 877 3899 prudentia
895 3830 946 3886 Pl.
1088 3842 1102 3874 ⁰
1125 3831 1229 3904 iuquit
1256 3834 1401 3892 domimus
1422 3839 1449 3892 b.

396 3910 466 3966 dot
484 3910 534 3980 P3,
554 3918 589 3974 >
609 3911 660 3969 1³⁴.
760 3917 831 3968 sita
851 3913 940 3982 P1-3,
970 3915 998 3971 is
1026 3915 1126 3972 subito
1155 3918 1211 3984 sbi,
1240 3919 1341 3976 subito
1359 3923 1450 3988 (siner

395 3997 421 4050 is
439 3997 475 4066 si)
495 3995 546 4050 Pl.
645 3997 739 4054 fdiet'
760 3999 817 4054 das
837 3997 905 4066 1³1³,
927 3999 1050 4056 dicidas·
1069 3999 1110 4053 1³²
1128 4003 1225 4070 prima
1244 4019 1346 4070 manu,
1370 4005 1449 4060 diiu-

395 4079 483 4137 dicas
504 4080 544 4136 Ρ2
563 4084 658 4139 altera
678 4099 779 4152 manu,
800 4086 917 4139 audeca
935 4083 985 4154 P4‚
1005 4083 1094 4142 dacis
1112 4087 1165 4156 fas
1179 4089 1217 4153 si,
1235 4087 1287 4151 fos
1306 4090 1402 4145 ducas
1424 4093 1449 4144 b.

395 4169 473 4222 sita
493 4165 573 4220 ΡΗ
592 4171 630 4236 bi,
651 4168 718 4224 eius
736 4186 758 4224 s.
844 4168 861 4212 h
882 4187 1001 4241 qaoque
1020 4187 1042 4224 s.
