<?xml version="1.0" encoding="UTF-8"?>
<!DOCTYPE html PUBLIC "-//W3C//DTD XHTML 1.0 Transitional//EN"
    "http://www.w3.org/TR/xhtml1/DTD/xhtml1-transitional.dtd">
<html xmlns="http://www.w3.org/1999/xhtml" xml:lang="en" lang="en">
 <head>
  <title>
</title>
<meta http-equiv="Content-Type" content="text/html;charset=utf-8" />
  <meta name='ocr-system' content='tesseract 3.04.00' />
  <meta name='ocr-capabilities' content='ocr_page ocr_carea ocr_par ocr_line ocrx_word'/>
</head>
<body>
  <div class='ocr_page' id='page_1' title='image "./commonitoria00rausgoog_0025.png"; bbox 0 0 3324 4866; ppageno 0'>
   <div class='ocr_carea' id='block_1_1' title="bbox 633 548 1390 618">
    <p class='ocr_par' dir='ltr' id='par_1_1' title="bbox 633 548 1390 618">
     <span class='ocr_line' id='line_1_1' title="bbox 633 548 1390 618; baseline 0.007 -15"><span class='ocrx_word' id='word_1_1' title='bbox 633 548 671 603; x_wconf 89' lang='lat' dir='ltr'>vr</span> <span class='ocrx_word' id='word_1_2' title='bbox 693 550 782 604; x_wconf 84' lang='lat' dir='ltr'>r-ro</span> <span class='ocrx_word' id='word_1_3' title='bbox 801 549 937 618; x_wconf 81' lang='grc' dir='ltr'>(ιο-ιι).</span> <span class='ocrx_word' id='word_1_4' title='bbox 1354 555 1390 608; x_wconf 86' lang='lat' dir='ltr'>ro</span> 
     </span>
    </p>
   </div>
   <div class='ocr_carea' id='block_1_2' title="bbox 180 712 1389 1008">
    <p class='ocr_par' dir='ltr' id='par_1_2' title="bbox 180 712 1389 1008">
     <span class='ocr_line' id='line_1_2' title="bbox 180 712 1388 800; baseline 0 -21"><span class='ocrx_word' id='word_1_5' title='bbox 180 713 234 779; x_wconf 87' lang='lat' dir='ltr'>vir</span> <span class='ocrx_word' id='word_1_6' title='bbox 258 721 387 778; x_wconf 87' lang='lat' dir='ltr'>sanctus</span> <span class='ocrx_word' id='word_1_7' title='bbox 410 719 443 778; x_wconf 91' lang='lat' dir='ltr'>et</span> <span class='ocrx_word' id='word_1_8' title='bbox 466 712 615 798; x_wconf 90' lang='lat' dir='ltr'>prudens,</span> <span class='ocrx_word' id='word_1_9' title='bbox 649 713 730 778; x_wconf 92' lang='lat' dir='ltr'>nihil</span> <span class='ocrx_word' id='word_1_10' title='bbox 754 713 842 779; x_wconf 90' lang='lat' dir='ltr'>aliud</span> <span class='ocrx_word' id='word_1_11' title='bbox 869 714 1026 780; x_wconf 88' lang='lat' dir='ltr'>rationem</span> <span class='ocrx_word' id='word_1_12' title='bbox 1051 717 1183 800; x_wconf 91' lang='lat' dir='ltr'>pietatis</span> <span class='ocrx_word' id='word_1_13' title='bbox 1207 715 1388 794; x_wconf 83' lang='lat' dir='ltr'>admittere,</span> 
     </span>
     <span class='ocr_line' id='line_1_3' title="bbox 185 815 1389 902; baseline 0.004 -24"><span class='ocrx_word' id='word_1_14' title='bbox 185 815 246 881; x_wconf 92' lang='lat' dir='ltr'>nisi</span> <span class='ocrx_word' id='word_1_15' title='bbox 270 824 305 880; x_wconf 89' lang='lat' dir='ltr'>ut</span> <span class='ocrx_word' id='word_1_16' title='bbox 328 817 444 899; x_wconf 90' lang='lat' dir='ltr'>omnia,</span> <span class='ocrx_word' id='word_1_17' title='bbox 469 836 533 899; x_wconf 90' lang='lat' dir='ltr'>qua</span> <span class='ocrx_word' id='word_1_18' title='bbox 556 815 624 882; x_wconf 88' lang='lat' dir='ltr'>fide</span> <span class='ocrx_word' id='word_1_19' title='bbox 648 837 668 881; x_wconf 93' lang='lat' dir='ltr'>a</span> <span class='ocrx_word' id='word_1_20' title='bbox 691 817 837 902; x_wconf 89' lang='lat' dir='ltr'>patribus</span> <span class='ocrx_word' id='word_1_21' title='bbox 860 824 1011 902; x_wconf 88' lang='lat' dir='ltr'>suscepta</span> <span class='ocrx_word' id='word_1_22' title='bbox 1035 818 1151 900; x_wconf 81' lang='lat' dir='ltr'>forent,</span> <span class='ocrx_word' id='word_1_23' title='bbox 1183 817 1297 884; x_wconf 89' lang='lat' dir='ltr'>eadem</span> <span class='ocrx_word' id='word_1_24' title='bbox 1320 816 1389 883; x_wconf 86' lang='lat' dir='ltr'>lide</span> 
     </span>
     <span class='ocr_line' id='line_1_4' title="bbox 184 916 1387 1008; baseline 0.004 -28"><span class='ocrx_word' id='word_1_25' title='bbox 184 916 263 982; x_wconf 88' lang='lat' dir='ltr'>filiis</span> <span class='ocrx_word' id='word_1_26' title='bbox 280 919 555 1002; x_wconf 78' lang='lat' dir='ltr'>consignarentur,</span> <span class='ocrx_word' id='word_1_27' title='bbox 571 939 693 1002; x_wconf 80' lang='lat' dir='ltr'>nosque</span> <span class='ocrx_word' id='word_1_28' title='bbox 705 919 893 1003; x_wconf 82' lang='lat' dir='ltr'>religionem</span> <span class='ocrx_word' id='word_1_29' title='bbox 909 940 983 1002; x_wconf 91' lang='lat' dir='ltr'>non,</span> <span class='ocrx_word' id='word_1_30' title='bbox 1002 939 1065 1002; x_wconf 92' lang='lat' dir='ltr'>qua</span> <span class='ocrx_word' id='word_1_31' title='bbox 1077 921 1241 998; x_wconf 81' lang='lat' dir='ltr'>vellemne,</span> <span class='ocrx_word' id='word_1_32' title='bbox 1260 920 1387 1008; x_wconf 84' lang='lat' dir='ltr'>ducere,</span> 
     </span>
    </p>
   </div>
   <div class='ocr_carea' id='block_1_3' title="bbox 118 1019 1437 2740">
    <p class='ocr_par' dir='ltr' id='par_1_3' title="bbox 182 1019 1437 1518">
     <span class='ocr_line' id='line_1_5' title="bbox 184 1019 1389 1108; baseline 0.002 -22"><span class='ocrx_word' id='word_1_33' title='bbox 184 1019 243 1086; x_wconf 83' lang='lat' dir='ltr'>sed</span> <span class='ocrx_word' id='word_1_34' title='bbox 266 1021 385 1104; x_wconf 89' lang='lat' dir='ltr'>potius,</span> <span class='ocrx_word' id='word_1_35' title='bbox 410 1040 474 1103; x_wconf 90' lang='lat' dir='ltr'>qua</span> <span class='ocrx_word' id='word_1_36' title='bbox 489 1021 546 1085; x_wconf 92' lang='lat' dir='ltr'>illa</span> <span class='ocrx_word' id='word_1_37' title='bbox 562 1021 705 1104; x_wconf 89' lang='lat' dir='ltr'>duceret,</span> <span class='ocrx_word' id='word_1_38' title='bbox 729 1022 822 1104; x_wconf 90' lang='lat' dir='ltr'>sequi</span> <span class='ocrx_word' id='word_1_39' title='bbox 837 1027 997 1105; x_wconf 91' lang='lat' dir='ltr'>oportere,</span> <span class='ocrx_word' id='word_1_40' title='bbox 1022 1021 1120 1104; x_wconf 89' lang='lat' dir='ltr'>idque</span> <span class='ocrx_word' id='word_1_41' title='bbox 1137 1043 1207 1088; x_wconf 88' lang='lat' dir='ltr'>esse</span> <span class='ocrx_word' id='word_1_42' title='bbox 1226 1023 1389 1108; x_wconf 90' lang='lat' dir='ltr'>proprium</span> 
     </span>
     <span class='ocr_line' id='line_1_6' title="bbox 184 1122 1387 1209; baseline 0.003 -23"><span class='ocrx_word' id='word_1_43' title='bbox 184 1122 381 1188; x_wconf 75' lang='lat' dir='ltr'>christianae</span> <span class='ocrx_word' id='word_1_44' title='bbox 405 1123 583 1190; x_wconf 82' lang='lat' dir='ltr'>modestiae</span> <span class='ocrx_word' id='word_1_45' title='bbox 613 1131 645 1189; x_wconf 92' lang='lat' dir='ltr'>et</span> <span class='ocrx_word' id='word_1_46' title='bbox 674 1125 856 1207; x_wconf 88' lang='lat' dir='ltr'>gravitatis,</span> <span class='ocrx_word' id='word_1_47' title='bbox 892 1145 955 1188; x_wconf 93' lang='lat' dir='ltr'>non</span> <span class='ocrx_word' id='word_1_48' title='bbox 988 1143 1046 1190; x_wconf 89' lang='lat' dir='ltr'>sua</span> <span class='ocrx_word' id='word_1_49' title='bbox 1078 1126 1215 1209; x_wconf 87' lang='lat' dir='ltr'>posteris</span> <span class='ocrx_word' id='word_1_50' title='bbox 1250 1124 1387 1208; x_wconf 88' lang='lat' dir='ltr'>tradere,</span> 
     </span>
     <span class='ocr_line' id='line_1_7' title="bbox 183 1224 1389 1310; baseline 0.002 -21"><span class='ocrx_word' id='word_1_51' title='bbox 183 1224 241 1290; x_wconf 92' lang='lat' dir='ltr'>sed</span> <span class='ocrx_word' id='word_1_52' title='bbox 267 1247 287 1289; x_wconf 93' lang='lat' dir='ltr'>a</span> <span class='ocrx_word' id='word_1_53' title='bbox 315 1225 488 1291; x_wconf 89' lang='lat' dir='ltr'>maioribus</span> <span class='ocrx_word' id='word_1_54' title='bbox 516 1235 653 1310; x_wconf 88' lang='lat' dir='ltr'>accepta</span> <span class='ocrx_word' id='word_1_55' title='bbox 686 1245 825 1293; x_wconf 88' lang='lat' dir='ltr'>servare.</span> <span class='ocrx_word' id='word_1_56' title='bbox 873 1227 988 1305; x_wconf 79' lang='lat' dir='ltr'>rQuis</span> <span class='ocrx_word' id='word_1_57' title='bbox 1024 1246 1101 1310; x_wconf 91' lang='lat' dir='ltr'>ergo</span> <span class='ocrx_word' id='word_1_58' title='bbox 1137 1235 1213 1293; x_wconf 87' lang='lat' dir='ltr'>tunc</span> <span class='ocrx_word' id='word_1_59' title='bbox 1248 1229 1389 1294; x_wconf 90' lang='lat' dir='ltr'>universi</span> 
     </span>
     <span class='ocr_line' id='line_1_8' title="bbox 185 1327 1388 1411; baseline 0.003 -20"><span class='ocrx_word' id='word_1_60' title='bbox 185 1327 307 1410; x_wconf 90' lang='lat' dir='ltr'>negotii</span> <span class='ocrx_word' id='word_1_61' title='bbox 331 1327 458 1392; x_wconf 78' lang='lat' dir='ltr'>exitus?</span> <span class='ocrx_word' id='word_1_62' title='bbox 505 1327 583 1406; x_wconf 79' lang='lat' dir='ltr'>Quis</span> <span class='ocrx_word' id='word_1_63' title='bbox 606 1329 727 1411; x_wconf 91' lang='lat' dir='ltr'>utique,</span> <span class='ocrx_word' id='word_1_64' title='bbox 763 1328 825 1394; x_wconf 91' lang='lat' dir='ltr'>nisi</span> <span class='ocrx_word' id='word_1_65' title='bbox 848 1329 985 1395; x_wconf 80' lang='lat' dir='ltr'>usitatus</span> <span class='ocrx_word' id='word_1_66' title='bbox 1009 1338 1042 1394; x_wconf 92' lang='lat' dir='ltr'>et</span> <span class='ocrx_word' id='word_1_67' title='bbox 1065 1329 1201 1395; x_wconf 82' lang='lat' dir='ltr'>solitus?</span> <span class='ocrx_word' id='word_1_68' title='bbox 1247 1329 1388 1396; x_wconf 85' lang='lat' dir='ltr'>Retenta</span> 
     </span>
     <span class='ocr_line' id='line_1_9' title="bbox 182 1428 1437 1518; baseline 0.003 -24"><span class='ocrx_word' id='word_1_69' title='bbox 182 1437 234 1494; x_wconf 91' lang='lat' dir='ltr'>est</span> <span class='ocrx_word' id='word_1_70' title='bbox 258 1428 381 1494; x_wconf 90' lang='lat' dir='ltr'>seilicet</span> <span class='ocrx_word' id='word_1_71' title='bbox 404 1431 588 1518; x_wconf 87' lang='lat' dir='ltr'>antiquitas,</span> <span class='ocrx_word' id='word_1_72' title='bbox 614 1431 747 1515; x_wconf 87' lang='lat' dir='ltr'>explosa</span> <span class='ocrx_word' id='word_1_73' title='bbox 770 1432 905 1496; x_wconf 89' lang='lat' dir='ltr'>novitas.</span> <span class='ocrx_word' id='word_1_74' title='bbox 1436 1511 1437 1514; x_wconf 8' lang='grc' dir='ltr'><strong>Ἴ</strong></span> 
     </span>
    </p>

    <p class='ocr_par' dir='ltr' id='par_1_4' title="bbox 118 1531 1389 2539">
     <span class='ocr_line' id='line_1_10' title="bbox 292 1531 1389 1619; baseline 0.004 -23"><span class='ocrx_word' id='word_1_75' title='bbox 292 1534 361 1612; x_wconf 87' lang='lat'>(10)</span> <span class='ocrx_word' id='word_1_76' title='bbox 379 1557 391 1596; x_wconf 86' lang='lat' dir='ltr'>s</span> <span class='ocrx_word' id='word_1_77' title='bbox 408 1531 475 1597; x_wconf 86' lang='lat' dir='ltr'>Sed</span> <span class='ocrx_word' id='word_1_78' title='bbox 498 1533 582 1599; x_wconf 80' lang='lat' dir='ltr'>forte</span> <span class='ocrx_word' id='word_1_79' title='bbox 606 1538 682 1597; x_wconf 91' lang='lat' dir='ltr'>tune</span> <span class='ocrx_word' id='word_1_80' title='bbox 698 1532 762 1618; x_wconf 86' lang='lat' dir='ltr'>ipsi</span> <span class='ocrx_word' id='word_1_81' title='bbox 777 1534 925 1599; x_wconf 82' lang='lat' dir='ltr'>noviciae</span> <span class='ocrx_word' id='word_1_82' title='bbox 942 1531 1184 1599; x_wconf 75' lang='lat' dir='ltr'>adinventioni²</span> <span class='ocrx_word' id='word_1_83' title='bbox 1208 1536 1389 1619; x_wconf 88' lang='lat' dir='ltr'>patrocinia</span> 
     </span>
     <span class='ocr_line' id='line_1_11' title="bbox 181 1631 1388 1718; baseline 0.004 -22"><span class='ocrx_word' id='word_1_84' title='bbox 181 1631 378 1699; x_wconf 73' lang='lat' dir='ltr'>deluserunt?</span> <span class='ocrx_word' id='word_1_85' title='bbox 418 1635 519 1699; x_wconf 94' lang='lat' dir='ltr'>Immo</span> <span class='ocrx_word' id='word_1_86' title='bbox 537 1652 612 1699; x_wconf 89' lang='lat' dir='ltr'>vero</span> <span class='ocrx_word' id='word_1_87' title='bbox 629 1639 719 1699; x_wconf 89' lang='lat' dir='ltr'>tanta</span> <span class='ocrx_word' id='word_1_88' title='bbox 736 1634 784 1699; x_wconf 90' lang='lat' dir='ltr'>vis</span> <span class='ocrx_word' id='word_1_89' title='bbox 800 1635 922 1717; x_wconf 92' lang='lat' dir='ltr'>ingenii</span> <span class='ocrx_word' id='word_1_90' title='bbox 938 1632 1054 1718; x_wconf 89' lang='lat' dir='ltr'>adfuit,</span> <span class='ocrx_word' id='word_1_91' title='bbox 1079 1641 1170 1700; x_wconf 89' lang='lat' dir='ltr'>tanta</span> <span class='ocrx_word' id='word_1_92' title='bbox 1186 1637 1388 1718; x_wconf 87' lang='lat' dir='ltr'>eloquentiae</span> 
     </span>
     <span class='ocr_line' id='line_1_12' title="bbox 184 1734 1388 1820; baseline 0.005 -22"><span class='ocrx_word' id='word_1_93' title='bbox 184 1734 330 1813; x_wconf 87' lang='lat' dir='ltr'>flumina,</span> <span class='ocrx_word' id='word_1_94' title='bbox 355 1741 462 1800; x_wconf 90' lang='lat' dir='ltr'>tantus</span> <span class='ocrx_word' id='word_1_95' title='bbox 486 1734 686 1801; x_wconf 86' lang='lat' dir='ltr'>adsertorum</span> <span class='ocrx_word' id='word_1_96' title='bbox 710 1756 869 1818; x_wconf 80' lang='lat' dir='ltr'>numerus,</span> <span class='ocrx_word' id='word_1_97' title='bbox 894 1743 985 1802; x_wconf 92' lang='lat' dir='ltr'>tanta</span> <span class='ocrx_word' id='word_1_98' title='bbox 1001 1737 1068 1802; x_wconf 89' lang='lat' dir='ltr'>veri</span> <span class='ocrx_word' id='word_1_99' title='bbox 1086 1737 1273 1820; x_wconf 89' lang='lat' dir='ltr'>similitudo,</span> <span class='ocrx_word' id='word_1_100' title='bbox 1297 1744 1388 1804; x_wconf 91' lang='lat' dir='ltr'>tanta</span> 
     </span>
     <span class='ocr_line' id='line_1_13' title="bbox 180 1834 1387 1922; baseline 0.005 -23"><span class='ocrx_word' id='word_1_101' title='bbox 180 1834 315 1901; x_wconf 91' lang='lat' dir='ltr'>divinae</span> <span class='ocrx_word' id='word_1_102' title='bbox 340 1835 421 1921; x_wconf 90' lang='lat' dir='ltr'>legis</span> <span class='ocrx_word' id='word_1_103' title='bbox 445 1837 585 1918; x_wconf 88' lang='lat' dir='ltr'>oracula,</span> <span class='ocrx_word' id='word_1_104' title='bbox 620 1835 677 1902; x_wconf 91' lang='lat' dir='ltr'>sed</span> <span class='ocrx_word' id='word_1_105' title='bbox 700 1837 797 1922; x_wconf 89' lang='lat' dir='ltr'>plane</span> <span class='ocrx_word' id='word_1_106' title='bbox 820 1859 904 1904; x_wconf 91' lang='lat' dir='ltr'>novo</span> <span class='ocrx_word' id='word_1_107' title='bbox 928 1858 968 1903; x_wconf 90' lang='lat' dir='ltr'>ae</span> <span class='ocrx_word' id='word_1_108' title='bbox 992 1837 1076 1904; x_wconf 91' lang='lat' dir='ltr'>malo</span> <span class='ocrx_word' id='word_1_109' title='bbox 1100 1859 1188 1905; x_wconf 89' lang='lat' dir='ltr'>more</span> <span class='ocrx_word' id='word_1_110' title='bbox 1212 1838 1387 1917; x_wconf 91' lang='lat' dir='ltr'>intellecta,</span> 
     </span>
     <span class='ocr_line' id='line_1_14' title="bbox 180 1937 1388 2024; baseline 0.004 -22"><span class='ocrx_word' id='word_1_111' title='bbox 180 1947 219 2002; x_wconf 90' lang='lat' dir='ltr'>ut</span> <span class='ocrx_word' id='word_1_112' title='bbox 232 1937 311 2003; x_wconf 91' lang='lat' dir='ltr'>mihi</span> <span class='ocrx_word' id='word_1_113' title='bbox 324 1940 426 2004; x_wconf 91' lang='lat' dir='ltr'>omnis</span> <span class='ocrx_word' id='word_1_114' title='bbox 438 1939 493 2004; x_wconf 93' lang='lat' dir='ltr'>illa</span> <span class='ocrx_word' id='word_1_115' title='bbox 510 1940 705 2023; x_wconf 88' lang='lat' dir='ltr'>conspiratio</span> <span class='ocrx_word' id='word_1_116' title='bbox 721 1939 807 2005; x_wconf 91' lang='lat' dir='ltr'>nullo</span> <span class='ocrx_word' id='word_1_117' title='bbox 824 1937 919 2004; x_wconf 91' lang='lat' dir='ltr'>modo</span> <span class='ocrx_word' id='word_1_118' title='bbox 936 1938 1057 2005; x_wconf 88' lang='lat' dir='ltr'>destrui</span> <span class='ocrx_word' id='word_1_119' title='bbox 1074 1941 1217 2024; x_wconf 90' lang='lat' dir='ltr'>potuisse</span> <span class='ocrx_word' id='word_1_120' title='bbox 1230 1939 1388 2024; x_wconf 87' lang='lat' dir='ltr'>videatur,</span> 
     </span>
     <span class='ocr_line' id='line_1_15' title="bbox 177 2040 1387 2128; baseline 0.004 -23"><span class='ocrx_word' id='word_1_121' title='bbox 177 2043 245 2106; x_wconf 93' lang='lat' dir='ltr'>nisi</span> <span class='ocrx_word' id='word_1_122' title='bbox 269 2042 338 2107; x_wconf 89' lang='lat' dir='ltr'>sola</span> <span class='ocrx_word' id='word_1_123' title='bbox 361 2042 443 2107; x_wconf 88' lang='lat' dir='ltr'>tanti</span> <span class='ocrx_word' id='word_1_124' title='bbox 467 2041 639 2108; x_wconf 89' lang='lat' dir='ltr'>moliminis</span> <span class='ocrx_word' id='word_1_125' title='bbox 663 2061 770 2118; x_wconf 91' lang='lat' dir='ltr'>eausa,</span> <span class='ocrx_word' id='word_1_126' title='bbox 795 2043 868 2127; x_wconf 91' lang='lat' dir='ltr'>ipsa</span> <span class='ocrx_word' id='word_1_127' title='bbox 891 2040 948 2106; x_wconf 90' lang='lat' dir='ltr'>illa</span> <span class='ocrx_word' id='word_1_128' title='bbox 970 2049 1131 2128; x_wconf 89' lang='lat' dir='ltr'>suscepta,</span> <span class='ocrx_word' id='word_1_129' title='bbox 1156 2044 1228 2128; x_wconf 89' lang='lat' dir='ltr'>ipsa</span> <span class='ocrx_word' id='word_1_130' title='bbox 1245 2043 1387 2125; x_wconf 90' lang='lat' dir='ltr'>defensa,</span> 
     </span>
     <span class='ocr_line' id='line_1_16' title="bbox 177 2142 1388 2230; baseline 0.002 -22"><span class='ocrx_word' id='word_1_131' title='bbox 177 2144 255 2227; x_wconf 52' lang='lat' dir='ltr'>‘ipsa</span> <span class='ocrx_word' id='word_1_132' title='bbox 279 2143 411 2210; x_wconf 87' lang='lat' dir='ltr'>laudata</span> <span class='ocrx_word' id='word_1_133' title='bbox 435 2144 588 2209; x_wconf 90' lang='lat' dir='ltr'>novitatis</span> <span class='ocrx_word' id='word_1_134' title='bbox 611 2144 770 2229; x_wconf 82' lang='lat' dir='ltr'>professio</span> <span class='ocrx_word' id='word_1_135' title='bbox 802 2142 1010 2210; x_wconf 89' lang='lat' dir='ltr'>destituisset.</span> <span class='ocrx_word' id='word_1_136' title='bbox 1058 2169 1070 2208; x_wconf 81' lang='lat' dir='ltr'>e</span> <span class='ocrx_word' id='word_1_137' title='bbox 1095 2143 1181 2222; x_wconf 80' lang='lat' dir='ltr'>Quid</span> <span class='ocrx_word' id='word_1_138' title='bbox 1204 2145 1388 2230; x_wconf 75' lang='lat' dir='ltr'>postremo?</span> 
     </span>
     <span class='ocr_line' id='line_1_17' title="bbox 184 2245 1388 2330; baseline 0.004 -20"><span class='ocrx_word' id='word_1_139' title='bbox 184 2247 288 2330; x_wconf 86' lang='lat' dir='ltr'>Ipsius</span> <span class='ocrx_word' id='word_1_140' title='bbox 311 2246 458 2312; x_wconf 85' lang='lat' dir='ltr'>Africani</span> <span class='ocrx_word' id='word_1_141' title='bbox 482 2247 629 2312; x_wconf 80' lang='lat' dir='ltr'>concilii¹</span> <span class='ocrx_word' id='word_1_142' title='bbox 654 2248 721 2313; x_wconf 87' lang='lat' dir='ltr'>sivo</span> <span class='ocrx_word' id='word_1_143' title='bbox 746 2245 867 2312; x_wconf 87' lang='lat' dir='ltr'>decreti</span> <span class='ocrx_word' id='word_1_144' title='bbox 889 2267 972 2330; x_wconf 88' lang='lat' dir='ltr'>quae</span> <span class='ocrx_word' id='word_1_145' title='bbox 996 2247 1104 2313; x_wconf 78' lang='lat' dir='ltr'>vires?</span> <span class='ocrx_word' id='word_1_146' title='bbox 1152 2248 1302 2314; x_wconf 89' lang='lat' dir='ltr'>Donante</span> <span class='ocrx_word' id='word_1_147' title='bbox 1326 2248 1388 2315; x_wconf 91' lang='lat' dir='ltr'>deo</span> 
     </span>
     <span class='ocr_line' id='line_1_18' title="bbox 118 2348 1388 2434; baseline 0.002 -20"><span class='ocrx_word' id='word_1_148' title='bbox 118 2427 121 2434; x_wconf 28' lang='lat'><strong><em>¹</em></strong></span> <span class='ocrx_word' id='word_1_149' title='bbox 180 2350 301 2431; x_wconf 89' lang='lat' dir='ltr'>nullae,</span> <span class='ocrx_word' id='word_1_150' title='bbox 318 2348 375 2416; x_wconf 92' lang='lat' dir='ltr'>sed</span> <span class='ocrx_word' id='word_1_151' title='bbox 388 2351 537 2416; x_wconf 89' lang='lat' dir='ltr'>universa</span> <span class='ocrx_word' id='word_1_152' title='bbox 553 2357 717 2432; x_wconf 85' lang='lat' dir='ltr'>tamquam</span> <span class='ocrx_word' id='word_1_153' title='bbox 733 2351 867 2432; x_wconf 89' lang='lat' dir='ltr'>somnia,</span> <span class='ocrx_word' id='word_1_154' title='bbox 884 2357 1045 2433; x_wconf 88' lang='lat' dir='ltr'>tamquam</span> <span class='ocrx_word' id='word_1_155' title='bbox 1063 2348 1205 2433; x_wconf 84' lang='lat' dir='ltr'>fabulae,</span> <span class='ocrx_word' id='word_1_156' title='bbox 1223 2358 1388 2434; x_wconf 85' lang='lat' dir='ltr'>tamquam</span> 
     </span>
     <span class='ocr_line' id='line_1_19' title="bbox 181 2450 963 2539; baseline 0.003 -23"><span class='ocrx_word' id='word_1_157' title='bbox 181 2450 349 2534; x_wconf 86' lang='lat' dir='ltr'>superflua</span> <span class='ocrx_word' id='word_1_158' title='bbox 373 2453 495 2518; x_wconf 90' lang='lat' dir='ltr'>abolita</span> <span class='ocrx_word' id='word_1_159' title='bbox 518 2454 685 2536; x_wconf 91' lang='lat' dir='ltr'>antiquata</span> <span class='ocrx_word' id='word_1_160' title='bbox 709 2450 963 2539; x_wconf 56' lang='lat' dir='ltr'>calcataqsunt.</span> 
     </span>
    </p>

    <p class='ocr_par' dir='ltr' id='par_1_5' title="bbox 185 2553 1387 2740">
     <span class='ocr_line' id='line_1_20' title="bbox 293 2553 1387 2634; baseline 0.003 -17"><span class='ocrx_word' id='word_1_161' title='bbox 293 2553 362 2634; x_wconf 89' lang='lat'>(10)</span> <span class='ocrx_word' id='word_1_162' title='bbox 399 2580 425 2619; x_wconf 79' lang='grc' dir='ltr'>ιο</span> <span class='ocrx_word' id='word_1_163' title='bbox 447 2553 490 2619; x_wconf 86' lang='lat' dir='ltr'>Et</span> <span class='ocrx_word' id='word_1_164' title='bbox 520 2575 538 2620; x_wconf 96' lang='lat' dir='ltr'>o</span> <span class='ocrx_word' id='word_1_165' title='bbox 572 2573 678 2619; x_wconf 89' lang='lat' dir='ltr'>rerum</span> <span class='ocrx_word' id='word_1_166' title='bbox 712 2556 793 2620; x_wconf 92' lang='lat' dir='ltr'>mira</span> <span class='ocrx_word' id='word_1_167' title='bbox 829 2555 1007 2620; x_wconf 82' lang='lat' dir='ltr'>conversio!</span> <span class='ocrx_word' id='word_1_168' title='bbox 1053 2554 1211 2622; x_wconf 85' lang='lat' dir='ltr'>Auctores</span> <span class='ocrx_word' id='word_1_169' title='bbox 1244 2555 1387 2622; x_wconf 91' lang='lat' dir='ltr'>eiusdem</span> 
     </span>
     <span class='ocr_line' id='line_1_21' title="bbox 185 2656 1386 2740; baseline 0.001 -19"><span class='ocrx_word' id='word_1_170' title='bbox 185 2656 344 2740; x_wconf 90' lang='lat' dir='ltr'>opinionis</span> <span class='ocrx_word' id='word_1_171' title='bbox 384 2656 546 2740; x_wconf 88' lang='lat' dir='ltr'>catholici,</span> <span class='ocrx_word' id='word_1_172' title='bbox 587 2662 824 2723; x_wconf 89' lang='lat' dir='ltr'>consectatores</span> <span class='ocrx_word' id='word_1_173' title='bbox 861 2677 937 2722; x_wconf 90' lang='lat' dir='ltr'>vero</span> <span class='ocrx_word' id='word_1_174' title='bbox 975 2656 1131 2723; x_wconf 89' lang='lat' dir='ltr'>haeretici</span> <span class='ocrx_word' id='word_1_175' title='bbox 1164 2656 1386 2740; x_wconf 78' lang='lat' dir='ltr'>iudicantur³;</span> 
     </span>
    </p>
   </div>
   <div class='ocr_carea' id='block_1_4' title="bbox 346 2853 661 2913">
    <p class='ocr_par' dir='ltr' id='par_1_6' title="bbox 346 2853 661 2913">
     <span class='ocr_line' id='line_1_22' title="bbox 346 2853 661 2913; baseline -0.01 0"><span class='ocrx_word' id='word_1_176' title='bbox 346 2867 361 2899; x_wconf 59' lang='grc' dir='ltr'>ὓ</span> <span class='ocrx_word' id='word_1_177' title='bbox 375 2855 591 2913; x_wconf 73' lang='lat' dir='ltr'>adinventione</span> <span class='ocrx_word' id='word_1_178' title='bbox 610 2853 661 2910; x_wconf 59' lang='grc' dir='ltr'>ΡΒ.</span> 
     </span>
    </p>
   </div>
   <div class='ocr_carea' id='block_1_5' title="bbox 177 3010 1387 4272">
    <p class='ocr_par' dir='ltr' id='par_1_7' title="bbox 177 3010 1387 4272">
     <span class='ocr_line' id='line_1_23' title="bbox 182 3010 1387 3084; baseline 0.002 -16"><span class='ocrx_word' id='word_1_179' title='bbox 182 3014 227 3081; x_wconf 76' lang='grc'>74,</span> <span class='ocrx_word' id='word_1_180' title='bbox 248 3014 288 3082; x_wconf 68' lang='lat' dir='ltr'>lla</span> <span class='ocrx_word' id='word_1_181' title='bbox 306 3011 343 3071; x_wconf 77' lang='lat' dir='ltr'>Si</span> <span class='ocrx_word' id='word_1_182' title='bbox 362 3011 418 3084; x_wconf 81' lang='lat' dir='ltr'>qui</span> <span class='ocrx_word' id='word_1_183' title='bbox 437 3030 507 3084; x_wconf 73' lang='lat' dir='ltr'>erpo</span> <span class='ocrx_word' id='word_1_184' title='bbox 527 3029 547 3068; x_wconf 88' lang='lat' dir='ltr'>a</span> <span class='ocrx_word' id='word_1_185' title='bbox 566 3028 757 3084; x_wconf 81' lang='lat' dir='ltr'>quacumque</span> <span class='ocrx_word' id='word_1_186' title='bbox 776 3011 895 3068; x_wconf 81' lang='lat' dir='ltr'>haeresi</span> <span class='ocrx_word' id='word_1_187' title='bbox 913 3010 1033 3068; x_wconf 79' lang='lat' dir='ltr'>venierat</span> <span class='ocrx_word' id='word_1_188' title='bbox 1051 3013 1095 3068; x_wconf 85' lang='lat' dir='ltr'>ad</span> <span class='ocrx_word' id='word_1_189' title='bbox 1114 3029 1174 3080; x_wconf 83' lang='lat' dir='ltr'>vos,</span> <span class='ocrx_word' id='word_1_190' title='bbox 1202 3011 1283 3068; x_wconf 78' lang='lat' dir='ltr'>nihil</span> <span class='ocrx_word' id='word_1_191' title='bbox 1301 3011 1387 3071; x_wconf 76' lang='lat' dir='ltr'>ineo·</span> 
     </span>
     <span class='ocr_line' id='line_1_24' title="bbox 184 3095 1387 3170; baseline 0 -18"><span class='ocrx_word' id='word_1_192' title='bbox 184 3096 361 3165; x_wconf 65' lang='lat' dir='ltr'>actamnisi</span> <span class='ocrx_word' id='word_1_193' title='bbox 380 3099 463 3170; x_wconf 81' lang='lat' dir='ltr'>qaod</span> <span class='ocrx_word' id='word_1_194' title='bbox 481 3096 634 3154; x_wconf 81' lang='lat' dir='ltr'>traditum</span> <span class='ocrx_word' id='word_1_195' title='bbox 653 3102 705 3166; x_wconf 85' lang='lat' dir='ltr'>est,</span> <span class='ocrx_word' id='word_1_196' title='bbox 733 3100 768 3153; x_wconf 80' lang='lat' dir='ltr'>at</span> <span class='ocrx_word' id='word_1_197' title='bbox 795 3113 907 3153; x_wconf 80' lang='lat' dir='ltr'>manas</span> <span class='ocrx_word' id='word_1_198' title='bbox 937 3095 1002 3152; x_wconf 75' lang='lat' dir='ltr'>iuis</span> <span class='ocrx_word' id='word_1_199' title='bbox 1030 3096 1210 3167; x_wconf 80' lang='lat' dir='ltr'>importatur·</span> <span class='ocrx_word' id='word_1_200' title='bbox 1229 3096 1264 3152; x_wconf 81' lang='lat' dir='ltr'>irc</span> <span class='ocrx_word' id='word_1_201' title='bbox 1280 3096 1387 3169; x_wconf 80' lang='lat' dir='ltr'>paeni-</span> 
     </span>
     <span class='ocr_line' id='line_1_25' title="bbox 183 3181 1387 3252; baseline -0.002 -14"><span class='ocrx_word' id='word_1_202' title='bbox 183 3182 319 3238; x_wconf 77' lang='lat' dir='ltr'>tentiam.</span> <span class='ocrx_word' id='word_1_203' title='bbox 420 3181 671 3238; x_wconf 79' lang='lat' dir='ltr'>1Triaconcilia</span> <span class='ocrx_word' id='word_1_204' title='bbox 700 3183 738 3238; x_wconf 89' lang='lat' dir='ltr'>de</span> <span class='ocrx_word' id='word_1_205' title='bbox 765 3182 992 3252; x_wconf 84' lang='lat' dir='ltr'>rebaptizandis</span> <span class='ocrx_word' id='word_1_206' title='bbox 1016 3182 1176 3236; x_wconf 88' lang='lat' dir='ltr'>haereticis</span> <span class='ocrx_word' id='word_1_207' title='bbox 1195 3182 1387 3252; x_wconf 85' lang='lat' dir='ltr'>praesidente</span> 
     </span>
     <span class='ocr_line' id='line_1_26' title="bbox 184 3266 1387 3337; baseline 0 -15"><span class='ocrx_word' id='word_1_208' title='bbox 184 3283 206 3322; x_wconf 89' lang='lat' dir='ltr'>s.</span> <span class='ocrx_word' id='word_1_209' title='bbox 227 3266 380 3336; x_wconf 82' lang='lat' dir='ltr'>Cypriane</span> <span class='ocrx_word' id='word_1_210' title='bbox 400 3266 587 3337; x_wconf 85' lang='lat' dir='ltr'>Carthagine</span> <span class='ocrx_word' id='word_1_211' title='bbox 605 3268 711 3322; x_wconf 89' lang='lat' dir='ltr'>habita</span> <span class='ocrx_word' id='word_1_212' title='bbox 730 3271 808 3334; x_wconf 88' lang='lat' dir='ltr'>sunt,</span> <span class='ocrx_word' id='word_1_213' title='bbox 829 3268 959 3337; x_wconf 89' lang='lat' dir='ltr'>primum</span> <span class='ocrx_word' id='word_1_214' title='bbox 979 3281 1060 3322; x_wconf 91' lang='lat' dir='ltr'>anno</span> <span class='ocrx_word' id='word_1_215' title='bbox 1079 3266 1141 3334; x_wconf 89' lang='grc'><strong>955,</strong></span> <span class='ocrx_word' id='word_1_216' title='bbox 1165 3267 1295 3321; x_wconf 88' lang='lat' dir='ltr'>alterum</span> <span class='ocrx_word' id='word_1_217' title='bbox 1314 3281 1387 3322; x_wconf 88' lang='lat' dir='ltr'>vere</span> 
     </span>
     <span class='ocr_line' id='line_1_27' title="bbox 183 3351 1387 3421; baseline 0 -15"><span class='ocrx_word' id='word_1_218' title='bbox 183 3353 245 3418; x_wconf 84' lang='grc'><strong>956,</strong></span> <span class='ocrx_word' id='word_1_219' title='bbox 266 3354 388 3406; x_wconf 89' lang='lat' dir='ltr'>tertium</span> <span class='ocrx_word' id='word_1_220' title='bbox 406 3351 472 3407; x_wconf 85' lang='lat' dir='ltr'>Kal.</span> <span class='ocrx_word' id='word_1_221' title='bbox 492 3356 567 3421; x_wconf 89' lang='lat' dir='ltr'>sept.</span> <span class='ocrx_word' id='word_1_222' title='bbox 587 3354 660 3406; x_wconf 88' lang='lat' dir='ltr'>anni</span> <span class='ocrx_word' id='word_1_223' title='bbox 685 3352 751 3420; x_wconf 73' lang='lat'>2563</span> <span class='ocrx_word' id='word_1_224' title='bbox 776 3352 813 3406; x_wconf 89' lang='lat' dir='ltr'>de</span> <span class='ocrx_word' id='word_1_225' title='bbox 840 3353 938 3419; x_wconf 89' lang='lat' dir='ltr'>tertio,</span> <span class='ocrx_word' id='word_1_226' title='bbox 964 3353 997 3404; x_wconf 90' lang='lat' dir='ltr'>in</span> <span class='ocrx_word' id='word_1_227' title='bbox 1025 3366 1085 3420; x_wconf 92' lang='lat' dir='ltr'>quo</span> <span class='ocrx_word' id='word_1_228' title='bbox 1106 3352 1141 3406; x_wconf 80' lang='lat'>87</span> <span class='ocrx_word' id='word_1_229' title='bbox 1163 3352 1306 3421; x_wconf 87' lang='lat' dir='ltr'>episcopi,</span> <span class='ocrx_word' id='word_1_230' title='bbox 1335 3354 1387 3420; x_wconf 91' lang='lat' dir='ltr'>qui</span> 
     </span>
     <span class='ocr_line' id='line_1_28' title="bbox 178 3434 1385 3507; baseline 0.002 -20"><span class='ocrx_word' id='word_1_231' title='bbox 178 3439 321 3504; x_wconf 87' lang='lat' dir='ltr'>aderant,</span> <span class='ocrx_word' id='word_1_232' title='bbox 342 3436 496 3507; x_wconf 79' lang='lat' dir='ltr'>Cypriane</span> <span class='ocrx_word' id='word_1_233' title='bbox 516 3438 629 3492; x_wconf 86' lang='lat' dir='ltr'>assensi</span> <span class='ocrx_word' id='word_1_234' title='bbox 648 3444 727 3505; x_wconf 87' lang='lat' dir='ltr'>sunt,</span> <span class='ocrx_word' id='word_1_235' title='bbox 746 3436 923 3492; x_wconf 88' lang='lat' dir='ltr'>Vincentius</span> <span class='ocrx_word' id='word_1_236' title='bbox 942 3437 999 3491; x_wconf 93' lang='lat' dir='ltr'>hoc</span> <span class='ocrx_word' id='word_1_237' title='bbox 1018 3436 1083 3491; x_wconf 92' lang='lat' dir='ltr'>loco</span> <span class='ocrx_word' id='word_1_238' title='bbox 1099 3437 1225 3490; x_wconf 89' lang='lat' dir='ltr'>disserit.</span> <span class='ocrx_word' id='word_1_239' title='bbox 1299 3434 1385 3490; x_wconf 69' lang='lat' dir='ltr'>8De·</span> 
     </span>
     <span class='ocr_line' id='line_1_29' title="bbox 185 3518 1387 3576; baseline -0.002 0"><span class='ocrx_word' id='word_1_240' title='bbox 185 3526 301 3576; x_wconf 92' lang='lat' dir='ltr'>cretum</span> <span class='ocrx_word' id='word_1_241' title='bbox 321 3522 401 3576; x_wconf 86' lang='lat' dir='ltr'>tertii</span> <span class='ocrx_word' id='word_1_242' title='bbox 420 3520 499 3575; x_wconf 89' lang='lat' dir='ltr'>illius</span> <span class='ocrx_word' id='word_1_243' title='bbox 520 3522 639 3575; x_wconf 87' lang='lat' dir='ltr'>concilii</span> <span class='ocrx_word' id='word_1_244' title='bbox 657 3518 795 3575; x_wconf 83' lang='lat' dir='ltr'>Africani</span> <span class='ocrx_word' id='word_1_245' title='bbox 815 3525 845 3576; x_wconf 88' lang='lat' dir='ltr'>et</span> <span class='ocrx_word' id='word_1_246' title='bbox 858 3534 1009 3574; x_wconf 87' lang='lat' dir='ltr'>consensu</span> <span class='ocrx_word' id='word_1_247' title='bbox 1020 3520 1111 3574; x_wconf 89' lang='lat' dir='ltr'>totius</span> <span class='ocrx_word' id='word_1_248' title='bbox 1125 3519 1272 3574; x_wconf 88' lang='lat' dir='ltr'>ecclesiae</span> <span class='ocrx_word' id='word_1_249' title='bbox 1286 3520 1387 3574; x_wconf 88' lang='lat' dir='ltr'>catho-</span> 
     </span>
     <span class='ocr_line' id='line_1_30' title="bbox 184 3603 1386 3660; baseline -0.002 0"><span class='ocrx_word' id='word_1_250' title='bbox 184 3607 260 3660; x_wconf 90' lang='lat' dir='ltr'>licae</span> <span class='ocrx_word' id='word_1_251' title='bbox 280 3612 310 3660; x_wconf 94' lang='lat' dir='ltr'>et</span> <span class='ocrx_word' id='word_1_252' title='bbox 330 3621 447 3660; x_wconf 88' lang='lat' dir='ltr'>canone</span> <span class='ocrx_word' id='word_1_253' title='bbox 467 3611 576 3660; x_wconf 87' lang='lat' dir='ltr'>octavo</span> <span class='ocrx_word' id='word_1_254' title='bbox 598 3606 716 3658; x_wconf 88' lang='lat' dir='ltr'>concilii</span> <span class='ocrx_word' id='word_1_255' title='bbox 735 3603 924 3659; x_wconf 88' lang='lat' dir='ltr'>Arelatensis</span> <span class='ocrx_word' id='word_1_256' title='bbox 943 3619 1024 3657; x_wconf 92' lang='lat' dir='ltr'>anno</span> <span class='ocrx_word' id='word_1_257' title='bbox 1044 3603 1098 3656; x_wconf 87' lang='lat'>314</span> <span class='ocrx_word' id='word_1_258' title='bbox 1117 3604 1211 3658; x_wconf 91' lang='lat' dir='ltr'>habiti</span> <span class='ocrx_word' id='word_1_259' title='bbox 1240 3605 1386 3658; x_wconf 90' lang='lat' dir='ltr'>abolitum</span> 
     </span>
     <span class='ocr_line' id='line_1_31' title="bbox 185 3687 1387 3760; baseline -0.002 -14"><span class='ocrx_word' id='word_1_260' title='bbox 185 3695 238 3746; x_wconf 88' lang='lat' dir='ltr'>est.</span> <span class='ocrx_word' id='word_1_261' title='bbox 276 3690 481 3760; x_wconf 84' lang='lat' dir='ltr'>Hieronymus</span> <span class='ocrx_word' id='word_1_262' title='bbox 510 3690 633 3760; x_wconf 88' lang='lat' dir='ltr'>quidem</span> <span class='ocrx_word' id='word_1_263' title='bbox 661 3690 753 3744; x_wconf 90' lang='lat' dir='ltr'>tradit</span> <span class='ocrx_word' id='word_1_264' title='bbox 773 3689 862 3756; x_wconf 90' lang='lat' dir='ltr'>(Dial.</span> <span class='ocrx_word' id='word_1_265' title='bbox 882 3689 951 3742; x_wconf 91' lang='lat' dir='ltr'>adv.</span> <span class='ocrx_word' id='word_1_266' title='bbox 971 3688 1068 3742; x_wconf 86' lang='lat' dir='ltr'>Lucil.</span> <span class='ocrx_word' id='word_1_267' title='bbox 1088 3689 1147 3755; x_wconf 79' lang='grc'><strong>93);</strong></span> <span class='ocrx_word' id='word_1_268' title='bbox 1175 3687 1315 3758; x_wconf 77' lang='lat' dir='ltr'>Denique</span> <span class='ocrx_word' id='word_1_269' title='bbox 1339 3687 1387 3744; x_wconf 81' lang='lat' dir='ltr'>illi</span> 
     </span>
     <span class='ocr_line' id='line_1_32' title="bbox 184 3771 1386 3846; baseline -0.002 -16"><span class='ocrx_word' id='word_1_270' title='bbox 184 3774 247 3845; x_wconf 81' lang='lat' dir='ltr'>ipsi</span> <span class='ocrx_word' id='word_1_271' title='bbox 275 3773 419 3845; x_wconf 79' lang='lat' dir='ltr'>episcopi,</span> <span class='ocrx_word' id='word_1_272' title='bbox 447 3773 502 3846; x_wconf 80' lang='lat' dir='ltr'>qai</span> <span class='ocrx_word' id='word_1_273' title='bbox 528 3772 766 3843; x_wconf 80' lang='lat' dir='ltr'>rebaptizandos</span> <span class='ocrx_word' id='word_1_274' title='bbox 793 3771 960 3828; x_wconf 78' lang='lat' dir='ltr'>haereticos</span> <span class='ocrx_word' id='word_1_275' title='bbox 987 3789 1057 3828; x_wconf 83' lang='lat' dir='ltr'>cam</span> <span class='ocrx_word' id='word_1_276' title='bbox 1076 3788 1109 3827; x_wconf 90' lang='lat' dir='ltr'>eo</span> <span class='ocrx_word' id='word_1_277' title='bbox 1128 3771 1305 3843; x_wconf 79' lang='lat' dir='ltr'>(Cypriane)</span> <span class='ocrx_word' id='word_1_278' title='bbox 1325 3776 1386 3828; x_wconf 83' lang='lat' dir='ltr'>sta-</span> 
     </span>
     <span class='ocr_line' id='line_1_33' title="bbox 185 3855 1386 3931; baseline -0.002 -16"><span class='ocrx_word' id='word_1_279' title='bbox 185 3863 315 3929; x_wconf 81' lang='lat' dir='ltr'>tuerent,</span> <span class='ocrx_word' id='word_1_280' title='bbox 347 3863 389 3916; x_wconf 85' lang='lat' dir='ltr'>ad</span> <span class='ocrx_word' id='word_1_281' title='bbox 420 3860 582 3931; x_wconf 79' lang='lat' dir='ltr'>antiquum</span> <span class='ocrx_word' id='word_1_282' title='bbox 611 3858 861 3916; x_wconf 79' lang='lat' dir='ltr'>consuetudinem</span> <span class='ocrx_word' id='word_1_283' title='bbox 889 3856 1018 3913; x_wconf 81' lang='lat' dir='ltr'>revoluti</span> <span class='ocrx_word' id='word_1_284' title='bbox 1045 3873 1158 3912; x_wconf 81' lang='lat' dir='ltr'>novum</span> <span class='ocrx_word' id='word_1_285' title='bbox 1186 3855 1310 3913; x_wconf 84' lang='lat' dir='ltr'>emisere</span> <span class='ocrx_word' id='word_1_286' title='bbox 1339 3859 1386 3912; x_wconf 87' lang='lat' dir='ltr'>de·</span> 
     </span>
     <span class='ocr_line' id='line_1_34' title="bbox 186 3941 1386 4014; baseline -0.003 -13"><span class='ocrx_word' id='word_1_287' title='bbox 186 3950 317 4014; x_wconf 82' lang='lat' dir='ltr'>cretum,·</span> <span class='ocrx_word' id='word_1_288' title='bbox 336 3954 367 4002; x_wconf 87' lang='lat' dir='ltr'>at</span> <span class='ocrx_word' id='word_1_289' title='bbox 386 3949 441 4000; x_wconf 90' lang='lat' dir='ltr'>hoc</span> <span class='ocrx_word' id='word_1_290' title='bbox 460 3947 664 4002; x_wconf 87' lang='lat' dir='ltr'>testimonium</span> <span class='ocrx_word' id='word_1_291' title='bbox 684 3947 798 4000; x_wconf 89' lang='lat' dir='ltr'>nullam</span> <span class='ocrx_word' id='word_1_292' title='bbox 817 3946 910 4000; x_wconf 90' lang='lat' dir='ltr'>habet</span> <span class='ocrx_word' id='word_1_293' title='bbox 927 3945 1028 3998; x_wconf 85' lang='lat' dir='ltr'>fidem.</span> <span class='ocrx_word' id='word_1_294' title='bbox 1120 3941 1131 3978; x_wconf 75' lang='lat'>³</span> <span class='ocrx_word' id='word_1_295' title='bbox 1149 3945 1167 3996; x_wconf 93' lang='lat' dir='ltr'>i.</span> <span class='ocrx_word' id='word_1_296' title='bbox 1188 3958 1212 3998; x_wconf 87' lang='lat' dir='ltr'>e.</span> <span class='ocrx_word' id='word_1_297' title='bbox 1237 3942 1386 3998; x_wconf 86' lang='lat' dir='ltr'>Auctores</span> 
     </span>
     <span class='ocr_line' id='line_1_35' title="bbox 184 4025 1386 4102; baseline -0.002 -16"><span class='ocrx_word' id='word_1_298' title='bbox 184 4034 439 4102; x_wconf 78' lang='lat' dir='ltr'>rebaptizationis,</span> <span class='ocrx_word' id='word_1_299' title='bbox 467 4039 501 4086; x_wconf 87' lang='lat' dir='ltr'>ut</span> <span class='ocrx_word' id='word_1_300' title='bbox 530 4048 554 4088; x_wconf 90' lang='lat' dir='ltr'>s.</span> <span class='ocrx_word' id='word_1_301' title='bbox 575 4031 754 4101; x_wconf 87' lang='lat' dir='ltr'>Cyprianus,</span> <span class='ocrx_word' id='word_1_302' title='bbox 783 4031 817 4084; x_wconf 84' lang='lat' dir='ltr'>e&#39;rc</span> <span class='ocrx_word' id='word_1_303' title='bbox 845 4027 1054 4085; x_wconf 74' lang='lat' dir='ltr'>communione</span> <span class='ocrx_word' id='word_1_304' title='bbox 1081 4045 1150 4083; x_wconf 81' lang='lat' dir='ltr'>cam</span> <span class='ocrx_word' id='word_1_305' title='bbox 1174 4025 1223 4095; x_wconf 83' lang='lat' dir='ltr'>c‘e&#39;a,</span> <span class='ocrx_word' id='word_1_306' title='bbox 1252 4026 1307 4098; x_wconf 81' lang='lat' dir='ltr'>qui</span> <span class='ocrx_word' id='word_1_307' title='bbox 1325 4026 1386 4084; x_wconf 77' lang='lat' dir='ltr'>stoi</span> 
     </span>
     <span class='ocr_line' id='line_1_36' title="bbox 184 4113 1386 4184; baseline -0.003 -12"><span class='ocrx_word' id='word_1_308' title='bbox 184 4134 248 4172; x_wconf 79' lang='lat' dir='ltr'>noc</span> <span class='ocrx_word' id='word_1_309' title='bbox 276 4118 498 4183; x_wconf 78' lang='lat' dir='ltr'>consenserant,</span> <span class='ocrx_word' id='word_1_310' title='bbox 528 4124 706 4170; x_wconf 88' lang='lat' dir='ltr'>manserunt</span> <span class='ocrx_word' id='word_1_311' title='bbox 726 4115 790 4183; x_wconf 81' lang='lat' dir='ltr'>(etr.</span> <span class='ocrx_word' id='word_1_312' title='bbox 810 4114 948 4184; x_wconf 86' lang='lat' dir='ltr'>August,</span> <span class='ocrx_word' id='word_1_313' title='bbox 969 4113 1015 4168; x_wconf 92' lang='lat' dir='ltr'>De</span> <span class='ocrx_word' id='word_1_314' title='bbox 1035 4115 1116 4182; x_wconf 91' lang='lat' dir='ltr'>bapt.</span> <span class='ocrx_word' id='word_1_315' title='bbox 1135 4113 1235 4180; x_wconf 78' lang='lat'>1112),</span> <span class='ocrx_word' id='word_1_316' title='bbox 1262 4113 1283 4166; x_wconf 91' lang='grc'>11</span> <span class='ocrx_word' id='word_1_317' title='bbox 1301 4128 1386 4180; x_wconf 89' lang='lat' dir='ltr'>vero,</span> 
     </span>
     <span class='ocr_line' id='line_1_37' title="bbox 177 4197 1347 4272; baseline -0.005 -15"><span class='ocrx_word' id='word_1_318' title='bbox 177 4204 237 4272; x_wconf 89' lang='lat' dir='ltr'>--qui</span> <span class='ocrx_word' id='word_1_319' title='bbox 257 4208 363 4271; x_wconf 86' lang='lat' dir='ltr'>postea</span> <span class='ocrx_word' id='word_1_320' title='bbox 383 4216 488 4256; x_wconf 87' lang='lat' dir='ltr'>eorum</span> <span class='ocrx_word' id='word_1_321' title='bbox 507 4202 688 4255; x_wconf 88' lang='lat' dir='ltr'>sententiam</span> <span class='ocrx_word' id='word_1_322' title='bbox 708 4200 840 4268; x_wconf 87' lang='lat' dir='ltr'>amplexi</span> <span class='ocrx_word' id='word_1_323' title='bbox 859 4203 938 4267; x_wconf 88' lang='lat' dir='ltr'>sunt,</span> <span class='ocrx_word' id='word_1_324' title='bbox 957 4198 1103 4253; x_wconf 88' lang='lat' dir='ltr'>haeretici</span> <span class='ocrx_word' id='word_1_325' title='bbox 1122 4203 1193 4252; x_wconf 91' lang='lat' dir='ltr'>sunt</span> <span class='ocrx_word' id='word_1_326' title='bbox 1211 4197 1347 4252; x_wconf 86' lang='lat' dir='ltr'>iudicati.</span> 
     </span>
    </p>
   </div>
   <div class='ocr_carea' id='block_1_6' title="bbox 0 0 1666 4866">
    <p class='ocr_par' dir='ltr' id='par_1_8' title="bbox 0 0 1666 4866">
     <span class='ocr_line' id='line_1_38' title="bbox 0 0 1666 4866; baseline 0 1"><span class='ocrx_word' id='word_1_327' title='bbox 0 0 1666 4866; x_wconf 95' lang='lat' dir='ltr'> </span> 
     </span>
    </p>
   </div>
  </div>
 </body>
</html>
