3324 4866
578 560 693 615 XXVII
712 559 896 615 4-XXVlII
914 560 933 614 4
951 560 1017 628 (39).
1365 559 1402 614 59

198 726 311 784 contra
328 726 529 804 vetustatem,
553 720 648 785 unius
664 719 714 785 vel
731 737 905 804 paucorum
923 719 1096 784 errantium
1111 717 1268 783 dissensio
1288 723 1402 782 contra

198 823 336 886 omnium
377 823 429 888 vel
468 829 556 887 certe
591 822 691 886 multo
726 820 864 906 plurium
897 820 1126 887 catholicorum
1161 821 1402 885 consensionem

194 925 410 1008 rebellaverit,
435 923 844 1010 praeierantlportionisb
869 923 1066 1009 corruptioni
1082 923 1298 989 universitatis
1319 922 1399 987 inte·

194 1029 359 1112 gnitatem3
403 1053 415 1091 r
449 1029 481 1092 in
513 1025 596 1109 qual
628 1024 741 1093 eadem
778 1027 988 1091 universitate
1024 1026 1178 1091 novitatis
1211 1023 1399 1110 profanitati

194 1130 398 1212 antiquitatis
430 1131 629 1214 religionem,
662 1131 803 1212 itemque
835 1131 869 1194 in
901 1128 974 1214 ipsa
1008 1135 1167 1194 vetustate
1202 1128 1296 1194 unius
1331 1129 1400 1192 sive

194 1232 457 1318 paucissimorum
490 1232 665 1298 temeritati
702 1231 844 1317 primum⁴
872 1232 1010 1296 omnium
1040 1227 1237 1315 generaliafl,
1273 1231 1300 1296 si
1336 1250 1401 1313 qua

195 1342 279 1418 sunt,
303 1335 492 1400 universalis
517 1334 645 1400 concilii
668 1332 802 1399 decreta
825 1341 1035 1419 praeponant,
1060 1340 1137 1399 tunc
1161 1331 1290 1412 deinde,
1315 1333 1341 1398 si
1364 1331 1400 1398 id

194 1438 298 1502 minus
322 1443 381 1519 est,
406 1444 590 1519 sequantur,
616 1433 701 1518 quod
725 1434 907 1520 proximum
923 1442 982 1515 est,
1007 1435 1177 1499 multorum
1210 1439 1307 1515 atque
1335 1454 1400 1498 ma·

196 1558 331 1624 gnosum
362 1537 599 1604 consentientes
622 1536 684 1603 sibi
724 1537 899 1603 sententias
937 1536 1174 1620 magistrorum.
1231 1561 1244 1600 a
1277 1535 1401 1613 Quibus

196 1641 372 1707 adiuvante
396 1639 525 1706 domino
549 1638 692 1705 fideliter
715 1639 821 1704 sobrie
844 1638 981 1705 sollicite
1006 1637 1185 1704 observatis
1201 1658 1264 1702 non
1280 1658 1399 1723 magna

197 1743 395 1810 difficultate
418 1744 532 1809 noxios
555 1762 697 1826 quosque
714 1742 953 1826 exsurgentium
970 1741 1204 1806 haereticorum
1222 1739 1399 1825 deprehen-

197 1846 309 1912 demus
333 1865 465 1911 errores.

196 2051 353 2120 XXVIII.
393 2050 468 2128 Qua
492 2052 562 2136 lopo
586 2051 713 2115 utendo
736 2050 804 2114 sint
827 2057 1053 2135 quantamque
1064 2050 1221 2134 polleant
1238 2049 1402 2115 adversas

401 2154 586 2219 haereticos
609 2157 804 2216 sanctorum
827 2157 969 2236 patrum
993 2153 1194 2218 testimonia.

304 2292 373 2373 (39)
399 2291 461 2356 Hic
484 2291 547 2354 iam
573 2309 771 2372 consequens
795 2309 865 2354 esse
889 2287 996 2370 video,
1028 2295 1064 2352 ut
1088 2287 1246 2372 exemplis
1270 2285 1400 2352 demon·

196 2400 304 2469 stram,
341 2390 576 2476 quonammodo
611 2392 767 2476 profanae
803 2391 1036 2456 haereticorum
1069 2391 1232 2455 novitates
1264 2390 1401 2475 prolatis

196 2503 294 2577 atque
319 2494 454 2560 conlatis
478 2500 621 2557 veterum
645 2495 869 2577 magistrorum
893 2491 1163 2558 concordantibus
1187 2491 1315 2558 sibimet
1331 2512 1401 2558 sen·

197 2596 307 2663 tentiis
323 2608 356 2662 et
371 2595 654 2681 deprehendantur
670 2602 702 2660 et
718 2593 979 2661 condemnentur.
1009 2621 1021 2659 s
1035 2594 1125 2673 Quae
1143 2603 1251 2660 tamen
1268 2595 1401 2676 antiqua

198 2705 381 2764 sanctorum
397 2704 524 2782 patrum
542 2697 708 2762 consensio
726 2717 789 2762 non
819 2697 1021 2763 inomnibns
1045 2696 1176 2762 divinae
1199 2697 1282 2780 legis
1306 2716 1401 2778 quae-

197 2800 364 2868 stiunculis
387 2799 445 2866 sed
465 2799 571 2866 solum
596 2807 682 2864 certe
707 2789 879 2885 praecipue
895 2802 928 2864 in
944 2800 1025 2866 fidei
1042 2799 1155 2883 regula
1170 2819 1289 2882 magno
1309 2799 1402 2864 nobis

196 2903 303 2970 studio
327 2911 359 2969 et
393 2901 622 2986 investiganda
646 2909 695 2968 est
719 2909 752 2968 et
781 2902 955 2986 sequenda.
1003 2901 1105 2969 aSed
1138 2922 1242 2985 neque
1277 2920 1402 2986 semper

196 3026 300 3089 neque
324 3026 434 3072 omnes
459 3005 609 3072 haereses
632 3004 692 3070 hoo
715 3005 811 3069 modo
834 3005 1073 3089 impugnandae
1090 3011 1163 3071 sunt
1179 3003 1237 3071 sed
1253 3003 1402 3069 noviciae

198 3116 406 3192 recentesque
430 3106 661 3183 tantummodo,
686 3127 759 3172 cum
784 3108 920 3192 primurn
945 3107 1069 3173 scilicet
1093 3106 1288 3188 exoriuntur,
1312 3112 1402 3171 ante-

198 3214 315 3293 quam¹
344 3210 517 3276 infalsaree
542 3217 688 3275 vetustae
703 3209 785 3275 fidei
801 3209 930 3293 regulas
949 3210 1050 3294 ipsius
1066 3210 1220 3294 temporis
1238 3207 1404 3273 vetanturf

198 3314 365 3396 angustiis,
390 3332 429 3378 ac
446 3313 632 3397 priusquam
649 3321 799 3379 manante
815 3312 911 3378 latius
927 3331 1051 3378 veneno
1067 3312 1222 3378 maiorum
1239 3313 1402 3378 volumina

196 3416 313 3483 vitiare
346 3425 509 3482 conentur.
563 3414 747 3481 eceteram
781 3414 937 3480 dilatatae
965 3420 998 3480 et
1021 3416 1221 3482 inveteratae
1253 3415 1404 3481 haereses

197 3539 398 3603 nequaquam
424 3518 486 3583 hac
519 3517 573 3583 via
597 3516 837 3601 adgrediendae
860 3523 945 3599 sunt,
978 3538 1017 3583 eo
1041 3518 1127 3601 quod
1151 3519 1302 3604 prolixos
1325 3525 1402 3583 tem-

196 3643 309 3707 porum
344 3627 450 3686 tractu
478 3620 576 3703 longa
606 3620 657 3684 bis
691 3615 873 3684 furandaeh
907 3620 1052 3686 veritatis
1086 3621 1228 3706 patuerit
1263 3621 1401 3686 occasio.

357 3817 373 3849 a
392 3806 522 3876 praefer
547 3821 569 3861 s.
716 3806 733 3849 b
760 3805 920 3876 portiones
939 3805 1027 3874 Pl-l,
1050 3804 1229 3876 potionata,
1252 3807 1355 3875 partis
1374 3809 1403 3862 b.

359 3891 481 3962 etaqae
502 3889 588 3946 ΡΗ.
697 3889 713 3933 d
734 3895 764 3957 ΔΓ
786 3895 859 3947 sant
878 3909 900 3946 s.
993 3890 1177 3946 einoalsare
1199 3890 1289 3959 ΡΗ,
1308 3890 1403 3962 infal-

359 3975 461 4030 sara'at
481 3992 503 4030 s.
577 3973 746 4030 faetantur
764 3993 786 4031 s.
870 3973 1113 4046 aprolieciorum
1131 3973 1179 4030 Pl.
1261 3975 1404 4046 hfraea·

360 4062 417 4116 dae
437 4063 465 4116 b.
510 4109 512 4113 .

305 4227 352 4284 1i.
373 4246 399 4284 e.
421 4233 574 4300 quamdiu.
