3324 4866
767 559 781 614 I
799 559 879 615 2-5.
1400 558 1418 612 9

217 717 424 800 prehendam,
447 717 631 782 infirmitati
655 723 741 783 certe
757 717 906 803 propriae
923 717 1174 802 pernecessaria,
1200 717 1320 801 quippe
1344 735 1416 781 cum

216 818 303 886 adsit
335 820 368 885 in
397 826 556 905 promptu,
591 819 676 885 unde
711 820 914 887 imbecillitas
948 820 1120 885 memoriae
1154 838 1245 884 meae
1281 816 1417 884 adsidua

217 923 354 988 lectione
377 925 570 1008 1·eparetur¹·.
617 947 630 986 a
654 920 706 987 Ad
731 921 816 1006 quod
840 943 891 988 me
915 923 1078 1006 negotium
1095 942 1158 987 non
1175 921 1277 987 solum
1293 921 1418 986 fructus

215 1023 322 1109 operis
345 1023 404 1088 sed
427 1025 523 1088 etiam
558 1022 773 1089 consideratio
797 1025 949 1109 temporis
973 1031 1006 1090 et
1030 1025 1252 1109 opportunitas
1276 1024 1339 1089 loci
1362 1020 1417 1087 ad-

217 1125 374 1192 hortatur.
420 1124 544 1190 aSed²
567 1132 703 1211 tempus,
737 1131 909 1211 propterea
942 1125 1038 1208 quod,
1075 1145 1146 1192 cum
1179 1125 1221 1190 ab
1245 1145 1283 1191 eo
1307 1126 1415 1190 omnia

217 1227 358 1293 humana
380 1229 556 1313 rapiantur,
582 1233 615 1293 et
637 1248 696 1294 nos
720 1248 760 1293 ex
784 1248 822 1294 eo
847 1227 970 1310 aliquid
985 1229 1018 1293 in
1034 1227 1173 1293 invicem
1190 1247 1303 1313 rapere
1320 1225 1417 1292 debe·

217 1351 297 1414 mus,
322 1331 406 1414 quod
430 1331 463 1395 in
487 1333 587 1396 vitam
610 1331 760 1416 proficiat
784 1337 961 1414 aoternamq
998 1331 1186 1416 praesertim
1211 1350 1281 1396 cum
1306 1338 1339 1395 et
1362 1329 1416 1395 ad·

216 1434 460 1518 propinquantis
477 1433 577 1499 divini
592 1432 704 1499 iudicii
720 1434 870 1500 terribilis
887 1433 1045 1517 quaedam
1062 1435 1282 1518 exspectati0²
1306 1433 1417 1515 augeri

218 1537 380 1622 efflagitet
403 1536 511 1602 studia
534 1537 708 1620 religionis,
733 1543 935 1603 et-novorum
952 1537 1184 1604 haereticorum
1200 1535 1418 1602 fraudulentia

217 1639 351 1704 multum
386 1659 482 1704 curae
518 1645 550 1704 et
584 1639 779 1705 adtentionis
808 1638 964 1705 indicati).
1010 1639 1154 1705 aLocus
1177 1645 1294 1721 autem,
1331 1636 1416 1720 quod

217 1741 342 1805 urbium
365 1741 601 1824 frequentiam⁰
625 1742 800 1824 turbasque
824 1743 964 1808 vitantes
987 1743 1165 1807 remotioris
1189 1741 1319 1806 villulae
1336 1748 1368 1805 et
1383 1740 1416 1804 in

217 1863 257 1908 ea
290 1835 450 1909 secretum
482 1844 667 1908 monasterii
702 1844 879 1910 incolamus
914 1843 1167 1925 habitaculuml,
1206 1844 1260 1909 ubi
1296 1843 1417 1925 absque

215 1966 335 2030 magna
358 1944 568 2012 distractione
598 1946 672 2011 lieri
696 1947 798 2032 possit
821 1945 911 2029 illud,
942 1946 1028 2029 quod
1052 1947 1177 2012 canitur
1200 1947 1233 2010 in
1257 1946 1415 2030 psalm04:

224 2050 356 2131 Vocute,
386 2048 500 2131 inquit,
534 2056 565 2113 et
588 2050 706 2130 videte,
742 2051 899 2133 quonium
924 2070 981 2135 epo
1005 2071 1079 2114 sum
1103 2050 1267 2114 domiuus.
1315 2045 1417 2114 sSed

217 2157 250 2214 ct
272 2151 427 2235 propositi
451 2151 552 2216 nostri
576 2151 658 2216 ratio
682 2151 715 2214 in
743 2149 777 2214 id
810 2151 969 2233 convenit,
1004 2151 1123 2236 quippe
1157 2151 1221 2234 qui,
1256 2169 1326 2215 cum
1360 2149 1418 2215 ali·

215 2251 370 2335 quamdiu
394 2252 492 2318 variis
521 2273 560 2318 ac
591 2252 735 2318 tristibus
763 2253 938 2319 saecularis
972 2253 1125 2318 militiae⁵
1149 2252 1328 2317 turbinibus
1352 2252 1417 2316 vol·

217 2374 373 2434 veremur,
412 2353 543 2419 tandem
581 2375 639 2421 nos
677 2356 711 2419 in
748 2363 874 2440 portum
912 2355 1088 2441 religionis,
1129 2356 1254 2436 eunctis
1291 2374 1418 2438 semper

217 2455 418 2538 fidissimum,
444 2457 570 2523 Christo
595 2457 781 2542 adspirante
805 2457 1016 2541 condidimus,
1040 2465 1075 2523 ut
1096 2457 1141 2523 ibi
1158 2457 1314 2542 depositis
1330 2457 1416 2521 vani-

217 2559 294 2624 tatis
333 2578 372 2623 ac
410 2560 580 2643 superbiae
617 2560 751 2625 flatibus
790 2559 984 2626 christianae
1025 2560 1213 2626 humilitatis
1253 2558 1417 2626 sacrificio

216 2662 383 2745 placantes
407 2659 501 2726 deum
525 2682 586 2726 non
611 2662 712 2728 solum
736 2665 915 2747 praesentis
938 2663 1025 2728 vitae
1048 2662 1220 2747 naufragia
1241 2661 1416 2728 sedetiam

211 2763 318 2828 ‘futuri
342 2763 462 2829 saeculi
486 2763 635 2829 incendia
659 2765 762 2830 vitare
785 2765 953 2850 possimus.

368 2926 383 2957 ἃ
403 2918 447 2970 ita
465 2914 549 2984 P134,
569 2919 597 2970 ct
615 2917 651 2984 si,
671 2919 743 2979 >b.
817 2919 833 2960 b
853 2916 993 2990 indigeat
1012 2934 1035 2973 s.
1121 2915 1343 2988 cfrequentias
1362 2913 1416 2970 1³³.

322 3037 333 3074 1
353 3037 412 3094 Sed
430 3040 502 3093 huic
521 3041 762 3110 pronuntiationi
776 3039 1012 3096 Commonitoria
1030 3043 1104 3111 ipsa,
1124 3045 1272 3109 quantum
1286 3042 1416 3105 exstant,

216 3138 323 3191 parum
348 3124 544 3193 respondent,
574 3139 642 3178 cum
670 3125 702 3177 in
730 3125 766 3177 iis
784 3141 847 3178 non
867 3131 989 3194 patrum
1008 3126 1180 3180 testimonia
1200 3127 1347 3193 congesta
1366 3121 1417 3175 ad-

210 3212 354 3276 ‘pareant
382 3208 436 3262 sed
455 3212 545 3261 notae
565 3208 716 3278 quaedam
736 3225 773 3262 ac
792 3209 926 3279 regulae,
957 3210 1067 3279 quibus
1097 3209 1237 3263 doctrina
1268 3207 1417 3262 catholica

215 3291 257 3344 ab
276 3291 429 3345 haeretica
449 3292 579 3346 discerni
597 3295 701 3362 possit,
800 3290 813 3328 ²
830 3293 976 3348 Ultimum
995 3294 1142 3347 iudicium
1157 3298 1186 3348 et
1199 3294 1292 3346 finem
1312 3291 1417 3345 mundi

215 3375 388 3445 proximum
407 3390 473 3430 esse
492 3377 595 3445 primis
614 3377 742 3432 saeculis
763 3377 932 3432 christianis
952 3378 1046 3447 vulgo
1067 3378 1258 3432 credebatur.
1340 3372 1417 3430 ³De

214 3459 326 3513 Lerino
354 3475 409 3514 seu
427 3460 531 3514 Lirino
562 3461 661 3515 insula
685 3463 717 3515 in
737 3463 814 3515 mari
834 3461 1055 3517 Mediterraneo
1076 3478 1171 3532 prope
1191 3461 1307 3517 Galliae
1332 3475 1417 3514 oram

215 3547 274 3598 sita
294 3546 435 3614 loquitur,
455 3546 507 3599 ubi
526 3562 547 3600 s.
566 3546 741 3602 Honoratus
761 3549 841 3601 circa
861 3563 975 3602 annum
994 3548 1048 3601 410
1067 3548 1296 3603 celeberrimum
1316 3560 1417 3599 mona·

210 3632 340 3684 ¹sterium
366 3631 514 3699 condidit3
544 3632 582 3685 ab
613 3632 671 3686 hoc
690 3631 858 3700 Benenato,
885 3634 937 3701 qui
966 3638 1072 3702 postea
1100 3631 1293 3702 metropolita
1312 3630 1417 3685 Arela-

206 3716 307 3769 tensis
326 3716 384 3769 iuit
403 3716 433 3783 (†
452 3715 524 3783 429),
543 3715 662 3770 insulae
682 3715 772 3771 hodie
791 3731 902 3770 nomen
932 3722 977 3771 est
996 3715 1083 3772 Saint
1100 3717 1247 3771 Honorat.
1338 3712 1416 3770 4Ps.

214 3799 258 3868 45,
278 3799 319 3853 11.
392 3796 522 3855 ⁵Utrum
536 3804 644 3855 auctor
657 3801 688 3853 in
702 3801 809 3855 castris
830 3801 983 3871 stipendia
1002 3802 1149 3855 meruerit
1169 3817 1209 3855 an
1228 3799 1417 3854 saecularem

205 3888 333 3938 tautum
352 3885 446 3937 vitam
466 3884 585 3950 vixerit,
606 3900 645 3940 ex
665 3885 721 3939 hoc
741 3885 806 3940 loco
826 3897 888 3940 non
907 3886 1017 3955 liquet;
1044 3886 1171 3941 alterum
1191 3886 1289 3955 magis
1308 3885 1416 3954 placet,

215 3969 267 4022 cir.
297 3983 318 4021 s.
338 3967 461 4022 Hieron.
491 3984 537 4038 ep.
556 3967 599 4037 52,
626 3969 655 4022 l:
674 3969 769 4024 ‘Petis
794 3985 813 4023 a
838 3985 895 4035 me,
925 3969 1094 4040 Nepotiane
1119 3970 1281 4036 carissime,
1310 3969 1417 4024 litteris

213 4054 423 4106 transmarinis
443 4059 472 4106 et
492 4053 701 4122 crebro-petis,
730 4059 764 4108 ut
792 4054 848 4108 tibi
878 4054 964 4108 brevi
993 4055 1147 4110 volumine
1167 4045 1305 4124 digeram
1329 4072 1417 4126 prae·

206 4143 304 4206 »cepta
323 4138 449 4192 vivendi
468 4143 498 4193 et
517 4152 578 4207 qua
597 4139 716 4192 ratione
734 4139 769 4206 is,
788 4140 841 4208 qui
860 4138 975 4194 saeculi
996 4140 1102 4194 militia
1122 4139 1268 4194 derelicta
1287 4141 1337 4195 vel
1357 4157 1418 4196 mo·

208 4222 331 4276 ,snaehus
349 4223 483 4292 coeperit
502 4236 568 4276 esse
588 4223 637 4276 vel
657 4222 783 4278 clericus
803 4222 879 4293 squ?
