3324 4866
701 493 805 548 XVIII
824 493 958 548 5-XIX.
1398 493 1435 548 43

231 652 369 736 gnostici
404 652 577 735 ceterique,
613 672 745 735 qnorum
775 652 829 717 ille
864 651 1081 737 blasphemias
1114 651 1222 716 multis
1245 671 1285 717 ac
1308 652 1435 736 magnis

231 755 424 819 voluminum
449 773 575 819 snorum
600 754 736 819 molibus
760 754 849 819 velut
873 751 1063 836 quibusdam
1094 753 1280 820 fulminibus
1304 754 1432 819 evertit.

230 881 243 922 s
265 857 307 921 Et
332 865 439 921 tamen
464 856 516 921 hic
541 875 666 940 quoque
690 864 763 941 post
787 855 868 921 haec
892 857 1009 936 omnia,
1039 855 1103 937 hic,
1133 855 1275 938 inquam,
1307 857 1433 922 Tertul-

231 960 344 1042 lianus,
378 957 530 1024 catholici
559 958 736 1042 dogmatis,
768 956 803 1022 id
834 964 883 1024 est
906 958 1096 1024 universalis
1120 977 1159 1022 ac
1182 964 1329 1024 vetustae
1353 957 1433 1024 fidei

231 1081 342 1147 parum
366 1067 474 1144 tenax,
510 1081 549 1125 ac
574 1060 745 1127 disertiora
768 1061 867 1125 multo
891 1079 986 1142 quam
1003 1059 1182 1142 fidelium,
1207 1066 1331 1125 mutata
1347 1059 1434 1125 dein·

231 1184 307 1248 ceps
331 1163 492 1228 sententia
515 1163 594 1227 lecit
618 1161 661 1227 ad
686 1171 874 1243 extremum,
899 1160 985 1245 quod
1009 1160 1050 1227 de
1074 1182 1113 1228 eo
1131 1162 1245 1227 beatus
1268 1162 1434 1228 confessor

230 1267 373 1332 Hilarius
389 1265 527 1349 quodam
547 1266 617 1332 loco
634 1266 783 1331 scribit⁰z
818 1264 989 1350 Sequenti,
1011 1265 1124 1347 inquit,
1147 1286 1262 1331 errore
1282 1266 1434 1331 detrusit

196 1417 197 1422 κ
230 1371 367 1455 scriptis
394 1369 629 1454 probabilibus
662 1369 936 1451 sustentarem&
971 1375 1004 1432 et
1038 1368 1100 1432 fnit
1134 1369 1204 1453 ipse
1239 1387 1365 1451 quoque
1399 1369 1433 1433 in

229 1471 369 1537 ecclesia
383 1490 502 1553 magna
518 1471 695 1554 temptatio.
742 1495 755 1534 e
772 1468 838 1535 Sed
855 1468 896 1534 de
913 1469 973 1535 hoc
996 1469 1070 1535 nolo
1094 1469 1187 1554 plura
1210 1468 1328 1535 dicere.
1362 1469 1433 1535 Hoc

229 1580 353 1638 tantum
366 1572 633 1654 commemorabo,
651 1570 737 1654 quod
755 1577 868 1636 contra
879 1571 983 1656 Moysi
999 1579 1207 1657 praeceptum
1223 1577 1434 1654 exsurgentes

230 1677 262 1740 in
287 1675 425 1741 eeclesia
457 1673 601 1740 novellas
624 1673 770 1739 Montani
803 1673 905 1739 furias
941 1680 973 1739 et
1008 1673 1123 1739 insana
1158 1673 1214 1738 illa
1248 1675 1432 1739 insanarum

229 1778 416 1843 muliernm³
439 1776 559 1842 novicii
576 1775 739 1860 dogmatis
754 1777 879 1842 somnia
896 1795 989 1842 veras
1005 1776 1193 1862 prophetias
1209 1775 1433 1842 adseverando

229 1881 356 1959 meruit,
384 1884 419 1945 ut
448 1878 489 1944 de
513 1898 547 1944 se
572 1898 698 1961 quoque
722 1887 754 1944 et
786 1879 953 1963 scripturis
986 1879 1052 1944 suis
1082 1877 1257 1944 diceretur:
1297 1879 1336 1946 Si
1359 1900 1433 1944 sur-

229 1977 385 2046 reccerit‘1
408 1981 444 2045 iu
468 1981 577 2045 medio
601 1982 651 2044 tui
675 1980 855 2064 propheta,
893 1985 924 2044 et
953 1997 1043 2044 mox:
1078 2000 1146 2044 uou
1180 1979 1296 2044 audies
1330 1981 1433 2046 uerba

223 2080 665 2167 prophetueiliius;quarci
676 2083 766 2166 quia,
778 2081 891 2164 inquit,
909 2086 1050 2166 temptat
1061 2082 1433 2164 cosdumiuus⁰ucster,

229 2192 343 2250 utrum
368 2185 520 2271 diligatis
545 2205 619 2249 eurr
643 2205 689 2248 uri
712 2187 811 2249 rrorr4.

342 2487 435 2554 XIX.
484 2491 608 2556 Paucis
632 2490 969 2574 comprehenduntur,
994 2511 1078 2573 quae
1102 2511 1128 2554 c.
1156 2492 1197 2554 17
1221 2496 1253 2556 ct
1278 2492 1320 2554 18

699 2592 854 2676 suposita
877 2600 965 2657 suut.

338 2760 399 2826 His
421 2762 521 2845 igitur
536 2769 584 2826 tot
601 2781 640 2826 ae
656 2762 755 2827 tantis
771 2763 952 2845 ceterisque
968 2762 1124 2830 eiusmodi
1140 2762 1431 2829 ecclesiastieorum

230 2862 448 2946 exemplorum
472 2863 609 2928 molibus
633 2862 800 2928 evidenter
832 2862 1001 2928 advertere
1024 2869 1056 2928 et
1078 2863 1254 2930 secundum
1279 2865 1434 2930 Deutero-

228 2965 327 3030 nomii
351 2965 440 3048 leges
465 2966 536 3030 luce
561 2966 680 3031 clarius
702 2966 889 3049 intellegere
913 2965 1078 3049 debemus,
1113 2965 1209 3050 quod,
1244 2967 1270 3032 si
1302 2965 1431 3049 quando

229 3067 344 3149 aliquis
361 3068 599 3134 ecclesiasticus
615 3069 769 3151 magister
782 3089 801 3132 a
814 3067 882 3133 lide
895 3069 1105 3152 aberraverit,
1129 3067 1172 3133 ad
1188 3069 1431 3153 temptationem

229 3169 262 3234 id
286 3177 427 3236 nostram
451 3170 526 3236 lieri
554 3170 758 3255 providentia
786 3169 897 3236 divina
926 3171 1077 3256 patiatur,
1111 3180 1227 3237 utrum
1250 3171 1433 3256 diligamus

229 3274 328 3338 deuru
351 3295 398 3338 arr
421 3294 489 3339 riou
512 3276 549 3339 iu
572 3282 640 3339 toto
664 3276 763 3340 corde
788 3281 819 3339 et
841 3275 878 3339 iu
901 3280 973 3339 totu
996 3276 1113 3340 auimo
1136 3280 1255 3339 nostra.

389 3484 404 3514 θ
419 3475 462 3528 ita
482 3474 522 3538 bi,
540 3472 702 3529 dissertior
714 3490 736 3542 s,
756 3471 904 3528 desertior
923 3471 1011 3541 P¹-³‚
1031 3473 1196 3530 dessarticr
1205 3472 1253 3528 P4.
1353 3475 1370 3516 b
1389 3476 1433 3528 ita

391 3555 475 3624 ΡΗ,
499 3554 623 3626 felicior
642 3558 696 3612 sbi.
816 3566 830 3598 θ
849 3555 975 3626 scripsit
994 3555 1042 3611 Pl.
1170 3554 1186 3597 d
1205 3555 1342 3612 surremit
1360 3556 1428 3612 ΡΗ.

390 3645 450 3706 0÷
472 3643 547 3696 deus
566 3643 594 3696 b.

335 3795 347 3832 ¹
365 3797 414 3851 Ita
434 3798 546 3868 legitur
565 3798 596 3850 in
618 3797 774 3851 codicibus
795 3797 1095 3866 quattuorParisinis
1112 3804 1141 3852 et
1162 3797 1245 3867 apud
1257 3797 1433 3867 Pithoeum3

229 3883 413 3950 posteriores
432 3882 564 3937 editores
584 3897 687 3937 omnes
707 3897 775 3936 cum
798 3880 944 3938 sichardo
965 3891 995 3937 et
1015 3882 1149 3938 Costerio
1176 3883 1337 3952 scripsere:
1364 3880 1432 3951 fcli-

229 3964 312 4033 cior‚·
340 3974 370 4019 at
399 3967 469 4020 huic
497 3965 648 4021 vocabulo
679 3966 826 4036 obstrepit
845 3967 1029 4022 antecedens
1048 3967 1211 4021 sententia:
1231 3968 1304 4037 quot
1322 3981 1432 4022 seusus

228 4052 270 4105 tot
288 4049 441 4106 uictoriae.
541 4047 554 4086 ²
572 4050 735 4106 Comment.
751 4052 781 4104 in
795 4051 899 4104 Matth.
914 4051 939 4119 b,
961 4052 984 4106 1.
1084 4048 1097 4087 ³
1114 4050 1270 4105 Priscillae
1290 4057 1320 4106 et
1339 4051 1432 4105 Maxi-

227 4134 337 4189 millae.
413 4132 587 4202 ⁴Deut.13,
608 4135 686 4189 1-3.
