3324 4866
265 498 283 552 4
714 494 1013 551 PROLEGOMENA.

373 653 585 720 Retinendam
625 673 695 720 esse
730 653 970 736 antiquitatem,
1016 653 1192 718 novitatem
1226 654 1466 739 explodendam

266 756 383 824 docent
406 777 432 823 s.
456 756 652 839 Ambrosius,
676 776 702 821 s.
726 754 909 840 Stephanus
932 776 1018 841 papa
1042 756 1075 820 in
1100 775 1197 822 causa
1224 757 1465 842 rebaptismatis

266 860 509 942 haereticorum,
545 878 571 924 s.
595 858 713 924 Paulus
741 859 839 923 variis
863 859 941 924 locis
965 859 1006 939 (a.
1031 859 1142 938 5-9).
1192 858 1284 937 Quod
1308 881 1406 947 saepe
1429 865 1462 929 in

265 963 401 1030 ecclesia
418 961 612 1027 excellentes
627 962 686 1026 viri
702 981 754 1026 res
769 980 869 1026 novas
885 960 986 1025 moliti
1010 966 1093 1042 sunt,
1117 961 1179 1026 fuit
1202 960 1255 1027 dci
1279 967 1459 1050 temptatio,

264 1067 360 1134 sicuti
404 1063 560 1149 exemplis
598 1063 750 1150 Nestorii,
801 1063 940 1142 Photini‚
985 1063 1180 1149 Apollinaris
1228 1063 1464 1134 demonstratur

264 1171 305 1250 (c.
331 1167 486 1246 10-12).
533 1165 697 1232 Adversus
731 1164 790 1231 has
823 1164 973 1232 haereses
1006 1164 1154 1231 doctrina
1185 1167 1347 1234 catholica
1370 1169 1411 1236 de
1434 1192 1459 1237 s.

263 1272 406 1336 trinitate
430 1275 463 1334 et
486 1267 527 1334 de
549 1287 686 1353 persona
706 1267 824 1334 Christi
848 1267 1029 1333 distinctius
1053 1268 1222 1353 exponitur
1246 1272 1286 1350 (c.
1306 1272 1459 1358 135-16).

263 1376 403 1459 Magnae
426 1372 628 1458 temptationi
653 1373 810 1439 ecclesiae
833 1372 963 1438 fuerunt
991 1371 1146 1456 Origenes
1179 1381 1212 1439 et
1244 1374 1466 1452 Tertullianus-

262 1479 303 1559 (c.
331 1476 485 1557 17-19).
532 1475 696 1540 Haeretici
719 1475 834 1560 paleae
857 1473 956 1540 tritici
985 1481 1210 1560 comparantur
1240 1478 1281 1558 (c.
1306 1478 1375 1557 20).
1422 1482 1460 1546 In

261 1580 357 1645 rebus
379 1578 461 1644 fidei
483 1577 563 1643 nihil
586 1577 768 1643 novandum
793 1596 862 1642 esse
884 1577 1038 1662 probatur
1061 1577 1190 1642 uberius
1214 1598 1254 1643 ex
1281 1584 1295 1644 1
1323 1580 1406 1646 Tim.
1427 1584 1458 1667 6,

261 1684 305 1748 20
330 1688 362 1746 et
384 1683 424 1745 21
452 1683 494 1762 (c.
518 1681 571 1744 21.
596 1681 649 1745 22.
674 1682 740 1760 24).
788 1680 956 1746 Proiectus
985 1679 1066 1745 fidei
1090 1681 1245 1748 naturalis
1269 1681 1365 1749 dehet
1390 1705 1464 1752 esse

260 1785 362 1851 instar
386 1784 538 1869 corporis,
573 1804 636 1849 non
659 1784 851 1868 permutatio
875 1784 917 1864 (c.
941 1783 1008 1864 23).
1056 1784 1220 1850 Haeretici
1248 1806 1360 1852 sacrae
1383 1791 1458 1854 scri-

260 1895 374 1974 pturae
398 1887 588 1953 testimoniis
612 1886 794 1969 abutuntur,
820 1885 1000 1970 exemplum
1024 1891 1157 1952 satanae
1192 1888 1308 1954 imitati
1338 1893 1378 1970 (c.
1404 1892 1456 1957 25.

260 1981 333 2072 26);
358 1991 477 2073 itaque,
502 1996 537 2054 ut
560 1988 680 2055 veritas
704 1989 745 2054 ah
770 2008 875 2054 errore
892 1987 1102 2072 discernatur,
1127 2009 1152 2055 s.
1169 1989 1328 2075 scriptura
1349 2012 1459 2058 secun-

260 2092 333 2157 dum
359 2112 546 2158 consensum
570 2098 752 2157 sanctorum
775 2098 902 2176 patrum
925 2090 1167 2175 interpretanda
1191 2098 1249 2174 est,
1274 2093 1331 2158 sed
1347 2081 1457 2161 ‘solum

259 2197 297 2260 ia
318 2195 398 2281 fidei
421 2195 550 2281 regala,
575 2215 642 2259 noo
665 2196 701 2259 ia
729 2196 881 2259 omnihus
913 2194 1047 2259 divinae
1076 2194 1159 2280 lepis
1194 2198 1462 2279 quaestiunculis·

259 2298 366 2378 (chi.
392 2297 459 2378 28).
496 2299 660 2362 Postremo
676 2295 929 2379 recapitulantur
953 2316 1002 2377 ea,
1039 2298 1176 2379 quaein
1199 2297 1457 2366 Commonitoriis

259 2419 330 2465 cum
354 2401 459 2484 priore
482 2406 549 2464 tum
573 2400 675 2464 altero
698 2396 868 2483 deperdito
892 2397 980 2464 dicta
1004 2405 1109 2478 erant3
1134 2400 1166 2463 in
1191 2400 1292 2466 altero
1317 2400 1357 2467 de
1382 2423 1459 2470 con·

259 2502 331 2567 cilio
355 2501 498 2586 generali
521 2500 685 2585 Ephesino
709 2508 816 2566 actum
841 2503 941 2565 erat1.

366 2604 527 2669 Vincentii
552 2624 631 2688 opus
659 2604 766 2668 nitido
795 2604 879 2668 satia
907 2611 937 2668 et
967 2611 1084 2687 oporto
1117 2624 1268 2670 sermono
1302 2607 1456 2692 scriptum

257 2706 457 2785 (Gennadius
486 2706 506 2770 l.
530 2706 577 2788 1.),
610 2705 721 2772 vivida
754 2704 894 2770 dictione
927 2712 959 2771 et
992 2706 1155 2790 elegantia
1187 2709 1341 2773 sermonis
1374 2712 1456 2776 inter

257 2877 337 2929 buch
366 2876 420 2930 der
443 2875 750 2945 Gdrresgesellschaft
771 2876 848 2944 1897,
867 2877 920 2931 866
940 2879 972 2938 s.)
1002 2876 1040 2931 de
1070 2877 1178 2947 regula
1201 2892 1223 2930 s.
1243 2877 1393 2932 Vincentii
1412 2880 1459 2934 ita.

255 2960 386 3014 iudicat:
405 2960 492 3014 ‘Was
513 2961 561 3014 die
580 2960 721 3030 Fassung
739 2960 794 3014 der
816 2961 1025 3014 katholischen
1045 2959 1287 3030 Glauhensregel
1317 2962 1365 3016 hei
1385 2961 1454 3016 Vin·

257 3061 330 3099 zena
360 3046 480 3114 angeht,
509 3060 542 3099 so
572 3042 645 3099 insat
673 3044 736 3097 sich
761 3044 795 3112 ja
821 3044 881 3099 den
900 3044 1024 3099 Wortcn
1044 3045 1098 3100 des
1116 3044 1289 3100 Verfassers
1308 3047 1358 3100 ein
1376 3047 1454 3100 rich-

256 3130 335 3199 tiger
349 3127 421 3182 Sinn
440 3129 634 3199 unterlegen3
662 3129 693 3181 in
714 3128 782 3182 dem
802 3127 894 3183 Sinna
913 3130 995 3198 aher,
1025 3130 1057 3184 in
1085 3130 1228 3184 welchem
1257 3131 1301 3184 sie
1319 3130 1453 3186 Vinzenz

255 3213 347 3267 selbst
366 3213 511 3267 verstand
530 3212 594 3266 und
613 3212 798 3267 verstanden
817 3214 927 3268 wissen
947 3213 1013 3282 will,
1041 3216 1079 3268 ist
1108 3207 1191 3268 diese
1211 3213 1454 3286 Glaubensregel

255 3299 349 3351 ihrem
362 3295 460 3351 Autor
479 3312 518 3351 au
536 3297 713 3352 iiberlassen
732 3297 797 3351 und
818 3297 867 3351 die
887 3299 991 3354 wahre
1009 3299 1198 3354 katholische
1212 3298 1454 3371 Glauhensregel

254 3381 338 3435 nicht
356 3382 441 3435 mehr
459 3382 567 3452 langor
585 3384 639 3435 mit
658 3382 726 3436 dem
745 3381 861 3436 Namen
890 3382 943 3437 des
970 3383 1152 3438 lerinischen
1170 3383 1294 3438 Miinchs
1320 3399 1359 3437 zu
1387 3400 1452 3438 ver-

254 3465 403 3536 quicken'.
441 3466 561 3537 Regula
579 3466 757 3533 traditionis,
778 3482 868 3535 quam
888 3482 910 3521 s.
929 3466 1074 3522 Irenaeus
1092 3466 1179 3532 (Adv.
1201 3469 1283 3523 haer.
1302 3468 1346 3522 111
1365 3468 1393 3533 3)
1422 3474 1454 3523 et

254 3549 458 3605 Tertullianus
478 3551 536 3618 (De
555 3566 685 3620 praescr.
705 3551 752 3619 21)
771 3558 1005 3621 proposuerunt,
1025 3553 1100 3607 haec
1120 3558 1173 3620 est,
1192 3559 1226 3608 ut
1240 3553 1271 3606 id
1284 3558 1452 3620 teneamus,

254 3636 337 3705 quod
356 3651 424 3691 cum
444 3634 576 3691 ecclesiis
596 3634 770 3705 apostolicis
789 3634 969 3692 marracinus
997 3638 1024 3691 et
1052 3635 1258 3707 coeptantibus
1285 3636 1366 3708 fidei
1385 3654 1452 3693 coa·

252 3718 361 3789 spirat.

359 3804 371 3841 ¹
398 3803 552 3871 Harnack,
583 3802 899 3874 Dogmengeschichte
927 3801 973 3858 11³
1007 3805 1098 3873 (Lips.
1128 3805 1208 3868 1894)
1237 3805 1302 3860 108:
1330 3804 1366 3859 In
1398 3805 1457 3860 der

252 3903 374 3958 ganzen
392 3887 596 3958 Ausfiihrung
615 3888 668 3943 des
687 3888 864 3944 Vincentius
883 3890 922 3943 ist
941 3889 1093 3944 vielleicht
1112 3889 1167 3944 das
1190 3889 1451 3960 Merkwiirdigate,

254 3973 323 4027 dass
343 3973 392 4027 die
410 3973 550 4028 Bischhfe
570 3973 613 4026 als
633 3973 733 4027 solche
753 4002 786 4012 -
807 3974 982 4042 ahgesehen
1002 3988 1071 4028 vom
1091 3973 1201 4027 Konzil
1220 4004 1253 4013 -
1284 3989 1341 4052 gar
1359 3974 1453 4028 keine

252 4056 337 4112 Rolle
356 4057 471 4126 spielen
491 4056 554 4111 und
575 4056 644 4111 dass
663 4055 786 4126 speaiell
804 4057 885 4111 ihrer
904 4057 1126 4126 apostolischen
1140 4055 1324 4113 Sulraession
1337 4060 1368 4112 in
1382 4057 1452 4112 dem

251 4140 390 4197 Beweise
409 4141 491 4196 nicht
510 4141 643 4211 gedacht
661 4141 750 4208 wird3
771 4141 819 4196 die
837 4141 950 4198 ‘alten’
967 4140 1082 4197 Lehrer
1101 4142 1168 4196 sind
1188 4143 1236 4197 die
1256 4142 1386 4197 Instanz.

1648 3775 1651 3784 r
