3324 4866
253 524 289 577 42
721 519 820 574 XVIII
841 520 911 574 1-4
924 520 988 586 (24).

255 679 409 746 dehemus
438 679 617 760 advertere,
653 680 713 745 etsi
737 699 800 744 non
823 680 937 765 ipsum,
973 678 1070 744 libros
1093 684 1201 742 tamen
1234 676 1294 743 suh
1328 675 1457 740 nondne

254 801 311 848 suo
336 780 450 863 editos,
474 799 612 864 magnae
636 799 706 845 esse
729 779 943 865 temptationi,
969 778 1023 861 qui
1052 778 1161 844 multis
1184 777 1457 862 blasphemiarum

254 883 439 948 vulneribus
470 887 635 949 scatentes
657 902 721 946 non
745 892 780 945 ut
803 882 900 946 alieni
924 879 982 946 sed
1007 881 1099 963 quasi
1122 881 1171 946 sui
1196 888 1229 946 et
1251 880 1400 964 leguntur
1424 885 1458 942 et

255 993 412 1067 amantur,
437 991 483 1067 ut,
507 984 568 1050 etsi
592 984 624 1048 in
649 1002 754 1048 errore
779 981 990 1067 concipiendo
1007 981 1157 1065 Origenis
1172 1002 1236 1046 non
1254 980 1316 1045 fuit
1335 998 1458 1061 sensus,

255 1087 297 1153 ad
333 1106 469 1153 errorem
510 1093 617 1151 tamen
656 1083 912 1170 persuadendum
947 1083 1096 1168 Origenis
1135 1084 1312 1149 auctoritas
1346 1082 1457 1146 valere

255 1189 414 1256 videatur.

334 1405 457 1470 XVIII.
503 1405 586 1471 ‘Sed
611 1413 641 1470 et
670 1405 873 1469 Tertulliani
897 1424 1023 1488 quoque
1047 1405 1163 1469 eadem
1185 1404 1276 1467 ratio
1301 1403 1373 1467 est’.

363 1542 432 1622 (24)
467 1540 532 1607 Sed
565 1549 597 1606 et
626 1540 817 1606 Tertulliani
842 1559 969 1623 quoque
1003 1538 1117 1604 eadem
1150 1538 1232 1604 ratio
1268 1543 1326 1604 est.
1373 1537 1459 1604 Nam

256 1647 340 1710 sicut
363 1644 417 1709 ille
441 1642 527 1728 apud
545 1643 698 1726 Graecos,
721 1644 768 1708 tta
791 1642 844 1706 hic
869 1641 955 1726 apud
972 1641 1106 1706 Latinos
1121 1647 1301 1706 nostrorum
1317 1639 1459 1704 omnium

255 1748 352 1814 facile
376 1747 527 1831 priceeps
561 1745 752 1811 iudicandus
776 1753 834 1813 est.
882 1743 966 1823 Quid
1003 1745 1087 1809 enim
1123 1743 1184 1809 hoc
1216 1743 1285 1808 viro
1320 1741 1458 1822 doctius,

256 1849 333 1934 quid
361 1851 393 1914 in
422 1848 540 1914 divinis
575 1857 672 1931 atque
709 1848 854 1913 humanis
889 1847 985 1912 rebus
1020 1844 1250 1911 exercitatius?
1297 1845 1459 1927 rNempe

257 1972 380 2018 omnem
404 1951 639 2036 philosophiam
664 1957 697 2015 et
720 1957 853 2015 cunctas
877 1947 1139 2033 philosophorum
1163 1952 1279 2029 sectas,
1310 1951 1459 2010 auctores

256 2053 500 2136 adsertoresque
539 2062 699 2118 sectarum
738 2071 910 2135 omnesque
949 2071 1058 2116 eorum
1098 2049 1294 2133 disciplinas,
1332 2068 1459 2113 omnem

256 2157 459 2222 historiarum
483 2176 523 2221 ac
547 2154 724 2222 studiorum
749 2155 941 2218 varietatem
964 2153 1045 2216 mira
1062 2150 1201 2234 quadam
1225 2150 1340 2216 mentis
1363 2169 1459 2235 capa·

257 2260 355 2324 citate
379 2260 564 2344 complexus
587 2266 644 2323 est.
689 2257 854 2341 alugenio
879 2276 954 2322 vero
977 2277 1083 2322 nonne
1106 2263 1172 2321 tam
1195 2257 1288 2339 gravi
1305 2276 1344 2320 ac
1364 2255 1459 2320 vehe

256 2363 354 2427 menti
371 2363 532 2442 excelluit,
556 2369 591 2425 ut
607 2360 684 2425 nihil
702 2361 785 2426 sihia
801 2380 904 2445 paene
921 2359 962 2424 ad
981 2358 1229 2443 expugnandum
1244 2358 1459 2443 proposuerit,

257 2464 341 2548 quod
365 2485 426 2529 non
452 2473 507 2528 aut
531 2465 676 2529 acumine
707 2463 862 2547 inruperit
892 2470 947 2528 aut
980 2462 1124 2547 pondere
1157 2460 1301 2526 cheerit?
1346 2461 1458 2526 ulam

256 2588 350 2653 porro
380 2567 534 2632 orationis
564 2586 641 2631 snae
673 2565 784 2631 laudes
817 2567 887 2648 quis
923 2566 1055 2646 exsequi
1090 2564 1213 2630 valeat:
1250 2583 1332 2646 quae
1367 2568 1459 2627 tanta

244 2670 364 2762 ¹nescio
389 2689 452 2751 qua
475 2670 633 2733 rationum
656 2669 849 2734 necessitate
874 2675 1020 2733 conserta
1044 2675 1102 2749 est,
1136 2674 1172 2730 ut
1202 2665 1244 2731 ad
1269 2684 1459 2731 consensum

256 2774 315 2856 sui,
346 2793 425 2856 quos
449 2772 584 2837 suadere
608 2793 671 2837 non
694 2769 869 2857 potueriat,
905 2772 1049 2857 impellat
1061 2774 1083 2851 1;
1119 2771 1221 2855 cuius,
1255 2777 1332 2853 quot
1355 2789 1459 2855 paene

258 2877 366 2958 verba,
403 2883 451 2941 tot
480 2875 658 2940 sententiae
682 2881 765 2956 sunt,
802 2881 879 2957 quot
903 2894 1027 2955 sensus,
1060 2881 1108 2939 tot
1132 2874 1303 2938 victoriae!
1344 2871 1461 2938 Sciunt

256 2979 316 3044 hoc
339 2979 526 3059 Marciones,
551 2977 691 3061 Apelles,
717 2977 873 3058 Praxeae,
898 2977 1130 3060 Hermogenes,
1164 2975 1281 3052 iudaei,
1310 2975 1458 3058 gentiles,

417 3161 504 3219 aster·
523 3161 602 3218 nihil
621 3165 649 3218 b.
758 3165 774 3206 b
790 3162 905 3234 poterit
924 3161 972 3217 1³⁴.

364 3319 374 3355 1
394 3319 442 3373 Ita
461 3321 551 3373 etiam
565 3318 767 3389 Augustinus,
788 3319 833 3373 De
847 3320 929 3373 haer.
940 3319 990 3373 86:
1010 3335 1030 3372 a
1047 3317 1243 3386 TertullianO,
1261 3315 1350 3372 cuius
1362 3317 1460 3370 multa

256 3405 400 3472 leguntur
418 3405 566 3472 opuscula
585 3405 829 3474 eloquentissime
858 3402 982 3473 scripta
1027 3402 1070 3457 At
1088 3403 1275 3470 Lactantius,
1306 3401 1378 3455 Inst.
1399 3401 1460 3454 diu.

257 3487 396 3550 V1,23:
420 3488 627 3543 Tertullianus
645 3487 709 3558 fuit
737 3485 821 3542 omni
850 3503 959 3558 genere
986 3486 1162 3542 litterarum
1183 3483 1314 3556 peritus,
1343 3485 1396 3540 sed
1425 3482 1461 3538 in

256 3572 422 3642 eloquendo
439 3588 557 3641 parum
574 3570 681 3641 facilis
700 3575 727 3627 et
745 3569 851 3626 minus
869 3573 1008 3641 comptus
1027 3573 1054 3624 et
1066 3570 1198 3626 multum
1212 3570 1358 3625 obscurus
1377 3565 1461 3638 fuit‚·

257 3655 471 3726 Hieronymus,
500 3656 684 3726 Ep.58,10:
718 3655 926 3710 Tertullianus
954 3656 1057 3710 creber
1085 3657 1128 3710 est
1155 3651 1190 3709 in
1209 3652 1378 3721 sententiis,
1406 3652 1461 3707 sed

257 3737 396 3810 difficilis
414 3737 447 3793 in
467 3740 625 3810 loquendo.
668 3741 686 3793 3
705 3739 791 3792 Hanc
820 3741 1001 3794 sententiam
1021 3737 1199 3793 Vincentius
1217 3743 1375 3792 mutuatus
1394 3751 1460 3790 esse

257 3824 378 3878 videtur
403 3824 441 3877 ab
461 3823 656 3892 Hieronymo,
681 3823 735 3893 Ep.
754 3824 798 3891 48,
822 3823 870 3876 13:
903 3822 1005 3893 Legite
1027 3824 1194 3887 Platonem,
1218 3822 1459 3892 Theophrastum

258 3949 263 3960 .
284 3948 289 3960 .
312 3947 317 3960 .
337 3923 414 3977 quae
433 3908 523 3961 uerba
542 3923 605 3962 uon
623 3906 790 3962 amenum?
808 3905 863 3978 qui
882 3922 991 3962 census
1009 3923 1072 3961 non
1084 3903 1250 3962 uictoriae?
1286 3905 1460 3960 Notandum

257 4007 330 4046 vero
360 3998 413 4059 est,
442 3993 569 4046 alteram
595 3993 660 4046 eius
679 3990 841 4047 locutionis
858 3997 976 4062 partem
1001 3993 1101 4045 miuus
1120 3991 1273 4060 quadrare
1292 3992 1323 4044 in
1343 3989 1461 4044 Tertul-

256 4079 380 4142 lianum,
408 4078 522 4147 qqupe
541 4077 592 4146 qui
619 4077 775 4131 sententiis
795 4078 858 4131 suis
884 4077 981 4131 acutis
1001 4081 1032 4131 et
1061 4077 1215 4130 concinnis
1244 4091 1337 4145 saepe
1361 4075 1461 4144 magis

256 4160 419 4230 perculerit
438 4168 468 4215 ct
488 4161 724 4232 obstupefecerit
743 4176 833 4230 quam
854 4161 1039 4231 persuaserit
1059 4161 1237 4229 viceritque.
